2372 4108
860 288 1213 339 -51-

59 451 116 500 et
152 446 348 500 thesim
389 447 620 501 alteram
668 448 821 501 tertii
864 447 1020 516 pedis
1037 451 1103 514 1);
1150 448 1383 501 maxime
1431 447 1664 515 denique
1697 449 1899 501 vitatur
1949 450 2008 502 in

0 539 9 604 4
55 537 210 606 pedis
232 538 415 606 quarti
434 538 577 592 thesi
596 540 789 608 prima.
828 540 939 592 Hic
960 557 1123 609 quam
1143 556 1249 592 non
1275 543 1486 592 amatus
1505 538 1688 606 fuerit,
1718 540 1880 593 etiam
1901 558 2010 593 ma-

0 629 24 645 ’”
56 630 139 698 gis
163 629 291 683 inde
306 635 545 698 ‘apparet
569 630 716 699 quod
736 637 950 699 praeter
971 631 1235 686 formulas
1259 631 1394 684 duas
1415 648 1557 699 quae
1579 635 1707 683 sunt
1731 634 1874 684 θεῶν
1901 635 2005 685 etc.

26 720 29 721 ⁷
57 722 113 775 οἳ
125 719 389 789 Ὄλυμπον
407 720 608 788 ἔχουσιν
628 724 669 789 2)
698 719 1006 793 eff'Aqnmat
1027 721 1376 795 ἀνηρείψαντο
1414 723 1470 789 (α
1491 724 1610 788 241,
1651 724 1682 787 ξ
1700 726 1819 783 371,
1859 744 1886 775 υ
1922 728 2011 788 77)

58 812 235 867 tribus
271 813 409 867 locis
448 814 580 868 solis
616 815 980 883 conspicitur:
1011 822 1057 867 „Q
1093 819 1176 878 67,
1214 818 1260 866 θ
1296 817 1417 881 356,
1455 834 1487 866 τ
1524 818 1643 868 196.
1718 814 1878 869 Haec
1922 834 2007 870 ra-

12 929 19 931 ··
57 905 194 958 ritas
226 922 349 958 cum
387 923 452 959 eo
490 906 815 974 explicanda
846 906 1100 959 videatur
1138 906 1287 974 quod
1335 906 1529 975 pedem
1579 912 1834 974 quartum
1885 926 2006 963 cae-

60 1013 190 1050 sura
219 996 502 1050 trochaica
531 997 774 1051 incidere
794 1002 988 1065 poetae
1017 998 1157 1065 epici
1178 1015 1343 1066 quam
1367 999 1600 1052 maxime
1618 1000 1777 1051 veriti
1804 1005 1931 1054 sunt
1949 1000 2008 1068 8),

60 1088 188 1142 111110
219 1105 439 1157 quoque
471 1090 667 1158 opinor
695 1091 996 1144 sententiae
1027 1090 1109 1143 illi
1139 1089 1499 1143 Hartelianae
1530 1109 1692 1159 quam
1729 1092 2011 1160 impugna-

58 1179 234 1232 vimus
264 1179 607 1247 aliquantum
633 1181 762 1235 fidei
791 1182 1116 1236 detrahitur.
1159 1182 1383 1234 Etenim
1410 1183 1456 1235 si
1474 1200 1533 1235 re
1563 1200 1691 1235 vera
1718 1183 2010 1251 diphthon-

0 1311 14 1349 .
62 1271 119 1339 gi
169 1270 266 1324 illo
314 1273 714 1340 pronunciandi
751 1273 913 1327 modo
953 1291 1076 1326 cum
1113 1273 1291 1327 verbis
1328 1274 1740 1341 insequentibus
1780 1275 2010 1328 coaluis-

0 1410 22 1431 ,
60 1367 184 1416 sent
217 1381 318 1417 1100
350 1381 523 1432 pausa
565 1365 834 1434 quaedam
869 1365 1113 1433 quamvis
1155 1366 1348 1433 exigua
1386 1366 1703 1433 exstitisset,
1737 1384 1846 1420 non
1891 1372 2013 1420 erat

62 1471 159 1507 cur
170 1455 276 1508 hac
290 1455 593 1510 hexametri
612 1457 739 1511 sede
760 1458 971 1510 hiatum
986 1462 1184 1526 poetae
1204 1464 1318 1510 tam
1339 1458 1498 1510 anxie
1517 1458 1710 1525 procul
1728 1457 2010 1511 haberent.

203 1545 542 1601 Particulam
579 1553 666 1602 καί
705 1550 838 1618 quin
863 1551 980 1603 iure
1010 1568 1043 1602 a
1077 1549 1509 1617 correptionibus
1536 1551 1730 1602 ceteris
1760 1566 2010 1618 segrega-

62 1637 311 1705 verimuS,
360 1658 518 1693 nemo
566 1641 840 1695 dubitabit
879 1659 999 1694 cum
1049 1643 1190 1694 hanc
1243 1641 1493 1694 voculam
1529 1641 1651 1694 aliis
1686 1641 1897 1708 legibus
1933 1643 2015 1694 uti

19 1735 231 1798 atque
273 1732 439 1785 verba
487 1738 671 1787 cetera
721 1734 934 1788 viderit.
1021 1733 1165 1787 Nam
1214 1750 1387 1801 paene
1431 1733 1603 1786 vetita
1654 1739 1736 1786 est
1776 1751 1840 1787 00
1891 1734 2012 1787 1000

0 1781 27 1895 ᾗ
64 1821 160 1875 ubi
194 1823 360 1876 verba
405 1823 516 1877 alia
551 1826 843 1894 praecipue
882 1827 1081 1894 corripi
1120 1825 1316 1891 solent,
1358 1824 1481 1877 scil.
1527 1825 1583 1877 in
1625 1826 1779 1892 pedis
1832 1827 2016 1894 quarti

0 1866 206 1981 {thesi
261 1915 437 1969 altera
495 1921 601 1981 (ter
655 1918 931 1986 correptio
988 1919 1064 1970 ibi
1119 1917 1358 1970 admissa
1413 1920 1496 1968 est
1553 1922 1596 1966 Γ
1640 1919 1760 1983 227,
1815 1924 1862 1969 Ρ
1895 1920 2012 1985 719,

0 1978 26 2084 ξ
68 2024 110 2076 φ
151 2007 275 2077 345)
318 2038 380 2047 —
434 2026 602 2061 causa
643 2013 826 2068 autem
875 2015 982 2075 est,
1037 2009 1184 2077 quod
1236 2009 1283 2060 si
1331 2007 1407 2060 ibi
1448 2008 1810 2075 corriperetur
1858 2008 2016 2062 facile

68 2115 298 2153 caesura
334 2100 618 2153 trochaica
667 2106 916 2154 oreretur
965 2119 1104 2168 quae
1143 2105 1407 2168 quantum
1465 2099 1584 2153 fieri
1619 2101 1802 2167 potuit
1845 2101 2020 2153 vitata

27 2206 29 2244 ζ
70 2196 156 2244 est
194 2223 258 2230 —-
299 2196 447 2244 amat
484 2197 668 2245 autem
706 2193 940 2245 maxime
988 2192 1144 2260 pedis
1181 2193 1332 2244 tertii
1369 2192 1569 2245 thesim
1605 2193 1835 2260 primam
1877 2196 2022 2259 (post

30 2306 33 2307 ⁷
71 2300 349 2336 caesuram
372 2284 692 2347 masculam)
730 2290 785 2338 et
813 2285 1044 2338 alteram
1061 2286 1122 2355 4),
1152 2302 1274 2337 cum
1302 2290 1603 2337 ceterorum
1632 2283 2020 2336 vocabulorum

31 2412 33 2414 -
69 2375 127 2427 in
166 2375 272 2429 hoc
309 2376 448 2444 pede
487 2376 670 2429 hiatus
711 2376 967 2445 dactylici
1014 2376 1361 2428 inveniantur
1398 2380 1614 2428 tantum
1654 2378 1784 2441 228,
1834 2375 2019 2427 hiatus

29 2472 35 2539 ᾗ
69 2468 336 2521 trochaici
371 2473 497 2537 post
522 2486 802 2522 caesuram
829 2468 1130 2520 masculam
1170 2473 1253 2521 26.
1282 2467 1410 2521 Non
1447 2485 1572 2520 raro
1603 2468 1766 2520 etiam
1792 2467 1848 2518 in
1879 2465 2019 2534 pede

69 2559 264 2626 quinto
301 2562 572 2627 particula
611 2565 868 2628 correpta
901 2561 1112 2628 legitur.
1186 2560 1344 2613 Haec
1398 2559 1618 2628 quidem
1657 2559 1724 2612 de
1761 2575 1888 2611 voce
1919 2560 2020 2611 καί.

31 2652 33 2654 ’
213 2651 472 2706 Fortasse
509 2672 575 2706 ex
610 2654 850 2706 numeris
886 2653 1107 2705 tabulae
1145 2657 1362 2704 nostrae
1400 2653 1516 2705 iure
1565 2653 1687 2720 quis
1727 2650 2023 2703 coniecerit

33 2741 343 2810 legitimas
380 2745 572 2798 hiandi
626 2745 780 2798 sedes
821 2745 952 2797 olim
989 2744 1159 2797 fuisse
1203 2743 1398 2812 pedem
1446 2744 1696 2811 primum,
1747 2747 2021 2809 quartum,

34 2887 37 2890 .
70 2835 304 2902 primam
339 2836 539 2890 thesim
573 2837 726 2889 tertii
762 2837 944 2904 pediS,
996 2837 1091 2888 ubi
1139 2854 1283 2888 nunc
1320 2853 1544 2889 caesura
1582 2835 1928 2902 conspicitur,
1970 2839 2025 2886 et

73 2927 177 2980 hoc
213 2932 364 2980 statu
399 2929 631 2996 pristino
674 2945 780 2980 non
816 2946 1011 2996 parum
1050 2927 1297 2980 adiuvari
1323 2927 1556 2981 Useneri
1590 2928 1643 2978 in
1678 2926 1863 2978 libello
1898 2943 1948 2993 q.
1987 2925 2022 2977 i.

79 3155 81 3157 .
223 3111 260 3166 ¹)
291 3111 349 3154 In
379 3112 527 3155 altera
546 3112 664 3155 thesi
694 3112 827 3169 pedis
847 3112 976 3155 tertii
996 3125 1087 3155 vox
1108 3111 1206 3151 ἐπεί
1225 3117 1439 3167 correpta
1469 3124 1662 3153 numero
1693 3108 1831 3164 longe
1859 3107 2025 3151 ceteris

41 3223 44 3228 .
74 3185 296 3238 praestat,
327 3197 431 3227 cum
460 3184 517 3225 98
546 3183 656 3227 locis
686 3183 866 3226 hiatum
894 3196 1026 3238 passa
1055 3181 1126 3225 sit.

220 3268 258 3324 ²)
288 3268 394 3310 θεοὶ
423 3270 496 3309 τοὶ
518 3265 749 3322 ’Όλυμπον
780 3271 955 3318 ἔχουσιν
986 3265 1010 3314 ξ
1026 3269 1124 3320 394,
1158 3282 1183 3307 σ
1206 3267 1310 3321 180,
1340 3266 1469 3307 θεῶν
1491 3267 1535 3306 οἵ
1552 3265 1610 3309 Ὀ.
1635 3266 1666 3308 ἒ.
1691 3266 1736 3305 Ε
1759 3265 1856 3316 890,
1894 3261 1944 3303 Ν
1958 3263 2027 3315 68,

43 3339 50 3378 ’,
83 3338 123 3378 Ω
149 3339 247 3392 427,
288 3339 312 3388 ζ
340 3341 446 3393 240,
486 3340 524 3380 θ
553 3340 661 3391 331,
702 3354 730 3380 τ
761 3341 840 3393 43;
881 3339 1009 3382 θεοῖς
1041 3340 1085 3378 οἵ
1110 3335 1171 3380 Ὀ.
1205 3337 1237 3381 ἐ.
1269 3354 1301 3390 μ
1331 3338 1436 3390 337,
1475 3336 1632 3392 hymn.
1665 3336 1688 3379 I
1717 3336 1802 3378 498
1837 3355 1887 3370 =
1920 3334 2025 3387 5123

78 3408 216 3453 θεοὺς
245 3407 336 3453 κτλ.
369 3410 413 3450 Ε
434 3411 534 3454 404.

222 3494 260 3550 ³)
291 3494 674 3552 ChristhetriW
703 3509 747 3551 p.
773 3496 865 3538 186.
898 3545 899 3548 ¹

221 3580 260 3636 ⁴)
291 3580 361 3625 Cf.
392 3580 558 3624 Hartel
586 3579 667 3623 ΙΙΙ
694 3594 739 3636 p.
759 3581 829 3623 46.
