2372 4108
1119 282 1477 331 ..40-

315 443 504 497 Iovem
544 442 722 510 ipsum
760 458 985 508 puerum
1028 442 1083 493 in
1113 439 1410 510 Olympum
1445 442 1770 497 subduxisse
1808 445 2039 496 narrant
2073 440 2291 510 thyma..

317 536 370 588 in
404 532 607 588 Vener.
647 551 691 585 v.
723 536 826 585 202
854 533 977 601 sq).
1034 532 1173 584 Cum
1214 514 1315 586 hac
1357 533 1579 588 fabulae
1612 534 1789 587 forma
1824 536 2135 602 congruunt
2169 549 2284 588 mo-

315 630 578 697 numenta
627 626 959 692 antiquiora.
1050 623 1291 677 Exstant
1348 627 1492 679 enim
1543 643 1672 680 vasa
1716 624 1909 679 fictilia
1958 625 2290 691 tredecim¹)

316 734 458 786 quae
486 733 712 784 puerum
742 715 1042 769 ostendunt
1080 716 1332 770 trochum
1366 722 1421 770 et
1449 717 1657 786 gallum
1694 720 1857 786 (quae
1883 719 1999 771 avis
2040 717 2288 787 pertinet

317 810 386 865 ad
415 826 657 863 amorem
679 807 942 875 puerilem
960 810 996 870 ἱ)
1027 813 1306 861 tenentem
1333 795 1642 878 Iovemque·
1662 827 1787 864 cum
1814 815 2027 879 sceptro
2053 826 2285 879 puerum

315 904 709 970 insequentem.
798 898 1100 968 Complura
1142 891 1331 953 'autem
1382 919 1541 967 vasa,
1592 902 1650 955 id
1706 901 1853 970 quod
1902 901 2287 957 observatione

316 994 539 1062 dignum
578 996 678 1057 est,
718 991 926 1059 figuras
956 992 1152 1047 rubras
1194 993 1511 1047 exhibentia
1544 993 1753 1048 ordinis
1780 999 1841 1046 ut
1871 993 2103 1047 dicimus
2140 1009 2288 1048 seve·

316 1086 473 1140 rioris
528 1089 686 1149 sunt,
739 1085 925 1152 itaque
973 1085 1192 1137 saeculo
1244 1086 1437 1153 quinto
1490 1085 1703 1138 ineunti
1738 1085 1822 1139 vel
1871 1091 2025 1140 sexto
2063 1085 2284 1140 exeunti

316 1176 673 1231 attribuenda
692 1177 763 1247 2),
820 1194 1016 1243 unum,
1074 1181 1263 1245 guttus
1321 1177 1509 1244 figuris
1562 1178 1731 1245 nigris
1782 1179 1983 1244 (amlal.
2035 1177 2151 1233 tab.
2185 1175 2287 1245 A),

315 1269 593 1337 antiquius
633 1273 733 1335 est,
775 1268 1008 1323 fortasse
1047 1287 1155 1322 non
1191 1268 1380 1323 multo.
1442 1267 1625 1323 Unum
1661 1269 1842 1323 adhuc
1880 1270 2158 1324 vasculum
2194 1285 2288 1324 co·
2340 1343 2343 1345 Β

313 1362 525 1432 gnitum
564 1365 649 1414 est
686 1360 836 1429 quod
876 1379 1106 1430 puerum
1145 1380 1269 1416 cum
1305 1362 1495 1430 aquila
1534 1362 1756 1416 exhibet
1792 1361 1994 1427 (annal.
2021 1361 2135 1416 tab.
2164 1359 2211 1417 O
2236 1362 2286 1430 1,

313 1454 440 1508 inde
466 1453 812 1520 Engelmann
838 1472 889 1507 n.
917 1458 1026 1518 91),
1067 1454 1218 1523 quod
1245 1459 1426 1508 tamen
1465 1454 1689 1508 minime
1729 1454 1888 1509 nobis
1926 1454 2125 1521 obstat,
2161 1470 2287 1508 cum

315 1565 422 1602 non
473 1552 603 1600 ante
663 1546 942 1599 saeculum
999 1552 1256 1615 quartum
1307 1545 1514 1599 factum
1573 1564 1690 1600 esse
1747 1547 1942 1615 possit.
2036 1546 2286 1602 Primum

317 1643 729 1694 monumentum
769 1638 1014 1706 aquilam
1059 1640 1323 1693 exhibens
1370 1638 1522 1692 cuius
1572 1645 1786 1707 tempus
1832 1637 2049 1694 definiri
2084 1643 2287 1709 potest,

320 1733 530 1800 signum
568 1730 868 1785 Leocharis
917 1736 1027 1798 est,
1079 1733 1174 1800 qui
1219 1732 1525 1786 statuarius
1578 1731 1754 1785 medio
1808 1732 2028 1791 saeculo
2088 1735 2290 1801 quarto

318 1824 501 1878 floruit
554 1828 609 1877 et
658 1840 833 1891 usque
877 1822 948 1876 ad
1000 1824 1224 1878 ultimos
1269 1824 1580 1878 Alexandri
1632 1823 1816 1891 Magni
1865 1841 2035 1882 annos
2086 1825 2290 1880 vixisse

317 1916 532 1971 videtur
552 1916 610 1986 ⁸).
686 1915 1117 1984 Insequentibus
1167 1916 1506 1985 temporibus
1556 1934 1663 1969 non
1709 1916 1816 1970 nisi
1866 1916 2010 1971 hanc
2055 1917 2288 1973 alteram

319 2009 553 2064 formam
590 2008 811 2063 fabulae
847 2008 1180 2075 invenimus,
1231 2010 1399 2063 etiam
1439 2009 1494 2062 in
1531 2008 1748 2063 litteris.
1826 2010 2081 2078 Apparet
2117 2010 2293 2079 igitur

316 2103 551 2172 primum
605 2119 826 2156 carmen
874 2106 1119 2154 nostrum
1168 2102 1368 2169 quippe
1421 2101 1571 2169 quod
1619 2119 1850 2171 puerum
1899 2119 1934 2155 a
1982 2100 2118 2156 Iove
2163 2101 2291 2171 ipso

316 2199 533 2264 raptum
572 2193 815 2260 inducat,
853 2192 1192 2262 temporibus
1227 2193 1598 2263 superioribus
1635 2193 2047 2262 vindicandum,
2088 2193 2292 2250 deinde
2364 2245 2372 2258 ,

316 2305 419 2341 van
455 2287 552 2340 der
589 2286 830 2355 Meyium
850 2285 893 2351 ⁴)
932 2290 988 2339 et
1014 2283 1312 2339 Couatium
1351 2286 1501 2340 haud
1535 2287 1616 2341 ita
1653 2287 1709 2339 in
1748 2285 2134 2356 archaeologia
2169 2305 2291 2343 esse

317 2385 592 2446 versatOS,
643 2396 765 2432 cum
813 2396 876 2432 eo
926 2377 1279 2432 offendantur
1331 2379 1476 2446 quod
1526 2379 1763 2448 scriptor
1810 2379 2021 2448 elegiae
2069 2386 2291 2436 nostrae
2368 2366 2372 2368 ,

317 2477 600 2526 auctorem
633 2471 836 2525 amoris
867 2470 1096 2540 puerilis
1138 2470 1327 2525 Iovem
1363 2472 1544 2541 ipsum
1581 2472 1836 2539 inducat;
1889 2490 2014 2527 nam
2054 2472 2291 2528 edocent

316 2582 417 2618 nos
443 2582 577 2618 vasa
612 2564 764 2618 illam
792 2563 1125 2617 sententiam
1150 2563 1259 2617 iam
1299 2565 1543 2634 antiquis
1570 2564 1911 2634 temporibus
1948 2565 2286 2637 divulgatam

318 2656 502 2711 fuisse.
578 2656 771 2725 Atque
810 2654 993 2711 Oouat
1032 2654 1256 2723 quidem
1295 2673 1353 2710 se
1391 2657 1574 2726 ipsum
1614 2657 1850 2725 refellit,
1908 2675 2032 2713 cum
2068 2657 2137 2713 de
2167 2659 2302 2725 oris

317 2752 441 2818 gine
477 2748 864 2804 Alexandrina
895 2749 1140 2817 cogitans
1180 2749 1580 2818 epigrammata
1612 2750 1962 2818 anthologiae
1993 2748 2291 2806 Palatinae

317 2848 579 2911 quattuor
616 2842 927 2911 comparari
966 2840 1136 2895 iubet.
1214 2841 1372 2896 Haec
1409 2859 1531 2896 cum
1570 2842 1813 2911 aquilam
1851 2841 2096 2896 habeant
2130 2841 2289 2913 (XII

467 3027 502 3082 ¹)
533 3026 595 3070 Di
625 3026 695 3070 his
726 3030 924 3084 egerunt
954 3026 1123 3072 Overb.
1154 3042 1199 3084 p.
1221 3027 1435 3081 516—19,
1467 3026 1647 3072 Koerte
1670 3026 1837 3072 annali
1867 3026 1967 3072 dell‘
1998 3026 2150 3073 instit.
2177 3027 2292 3072 187ss

317 3113 362 3154 p.
395 3099 584 3141 49—62.

463 3167 501 3223 ²)
535 3167 677 3212 Velut
718 3168 758 3212 Β
800 3168 1013 3213 Koertii:
1056 3157 1184 3215 1212·ae
1214 3171 1382 3215 ceram.
1427 3169 1452 3214 1
1494 3169 1587 3214 tab.
1623 3170 1676 3214 is
1705 3189 1762 3206 =-
1792 3167 1961 3214 Overb.
2003 3169 2097 3214 tab.
2134 3170 2177 3225 s,
2212 3171 2289 3226 112

319 3238 360 3282 G
392 3236 600 3283 Koertii:
648 3238 815 3283 anmli
844 3239 937 3283 tab.
974 3240 1010 3284 O
1041 3242 1069 3284 2
1113 3240 1243 3297 (inde
1272 3240 1567 3300 Engelmann
1599 3239 1887 3286 Bilderatlas
1914 3253 2022 3286 tum
2052 3240 2230 3287 Homer
2260 3239 2289 3286 1

317 3323 360 3354 n,
392 3310 494 3365 90);
527 3309 595 3353 L:
628 3310 788 3355 annal.
821 3310 917 3355 tab.
949 3310 1004 3356 Β.

463 3380 501 3436 ⁸)
535 3379 653 3424 Plin.
704 3385 797 3425 nat.
846 3381 953 3427 hist.
1005 3384 1075 3437 34,
1121 3385 1200 3438 79;
1251 3383 1413 3427 Brunn
1466 3382 1623 3428 Gesch.
1670 3381 1751 3427 der
1789 3381 1958 3439 qriech.
2001 3381 2231 3428 Kt'imtler
2259 3380 2288 3427 Ι

318 3466 362 3508 p.
394 3452 616 3504 885-90;
649 3451 893 3497 Overbeck
924 3452 1111 3498 Plastik
1140 3452 1224 3497 11²
1254 3468 1299 3510 p.
1329 3455 1386 3498 63
1417 3467 1515 3509 sqq.

463 3522 503 3578 ⁴)
535 3521 626 3579 Qui
667 3522 780 3568 haec
821 3523 1100 3568 hariolatur:
1141 3524 1307 3579 fabula
1372 3523 1661 3582 Ganymedis
1708 3538 1739 3568 a
1777 3524 1892 3569 Jove
1942 3522 1995 3568 in
2040 3522 2290 3581 olympum

318 3592 493 3638 sublati
515 3607 776 3650 puerorum
809 3594 961 3639 amori
986 3597 1234 3651 praetenta
1260 3594 1513 3651 fastidium
1542 3598 1690 3640 movet
1718 3595 1784 3651 (p.
1813 3595 1906 3650 84).
