2372 4108
911 268 1264 316 —35-

116 440 275 478 nemo
314 427 488 492 neget.
538 423 759 492 Duplici
795 425 956 478 modo
994 428 1176 477 autem
1216 442 1337 478 mea
1371 425 1590 493 quidem
1625 426 1897 478 sententia
1931 425 2069 478 haec

114 532 199 569 res
239 514 500 582 explicari
534 520 732 582 potest.
809 517 1180 568 Accusatores
1220 516 1301 568 illi
1341 517 1598 569 nimirum
1635 517 1808 569 furem
1844 516 2067 568 insimu-

112 606 230 660 lant
278 623 463 659 versus
509 623 573 659 ex
621 607 761 660 libro
811 608 989 675 primo
1044 613 1289 675 sumptos
1343 608 1398 659 in
1439 626 1593 660 suum
1644 625 1800 660 usum
1838 611 2067 661 vertisse

115 715 237 752 oum
276 697 560 766 parodiam
610 716 764 752 suam
814 698 1075 753 scriberet
1094 703 1151 764 1).
1226 698 1344 751 Nos
1384 703 1570 751 contra
1610 700 1664 750 in
1715 699 1854 752 libro
1894 699 2067 751 altero

111 790 395 858 pristinam
434 790 687 842 carminis
723 790 922 858 integri
958 790 1191 844 formam
1229 791 1408 843 adhuc
1448 795 1719 844 servatam
1754 789 1914 843 nobis
1947 807 2066 858 per-

113 880 408 946 suasimus,
453 880 726 933 distichon
772 882 1012 949 syllogae
1066 883 1285 935 maioris
1322 883 1690 951 fragmentum
1726 881 1901 934 nostri
1938 898 2066 949 poe-

110 973 268 1026 matii
302 988 437 1025 esse.
495 971 587 1025 Sic
624 971 735 1025 fere
761 972 950 1040 Bergk
987 974 1058 1027 ad
1087 993 1131 1028 v.
1164 978 1328 1040 12393
1364 973 1501 1026 facit
1537 978 1719 1026 autem
1751 990 1872 1026 cum
1907 972 2066 1024 nobis

112 1068 166 1117 et
202 1080 343 1116 unus
383 1081 449 1116 ex
487 1062 831 1130 adversariis,
869 1064 1131 1118 Rintelen
1169 1071 1244 1133 (p.
1272 1068 1377 1130 41),
1419 1065 1513 1133 qui
1539 1064 1806 1118 distichon
1841 1063 2066 1117 πολλάκι

109 1174 190 1208 τοι
246 1154 357 1223 πάρ
411 1152 529 1221 ἐμοί
578 1156 682 1208 κτλ.
732 1156 787 1207 in
843 1156 983 1209 libro
1043 1177 1077 1209 α
1130 1162 1333 1210 temere
1392 1157 1653 1210 omissum
1710 1155 1989 1210 concludit
2005 1156 2063 1222 2).

111 1244 287 1314 Quem
338 1245 583 1299 sodalem
633 1246 820 1300 Hiller
869 1249 1074 1320 reicere
1140 1252 1370 1301 conatur
1426 1265 1548 1300 cum
1601 1249 1758 1301 illum
1809 1253 2065 1300 naturam

113 1343 278 1406 atque
316 1337 556 1390 indolem
608 1337 734 1390 libri
783 1339 1010 1392 alterius
1064 1357 1173 1392 non
1225 1344 1375 1392 recte
1413 1341 1718 1408 perspicere
1758 1341 1908 1393 dicit.
1983 1339 2066 1392 At

111 1430 213 1482 hoc
251 1429 737 1482 demonstrandum
772 1436 905 1496 erat,
944 1430 1144 1483 librum
1174 1448 1242 1484 ex
1264 1432 1505 1499 parodiis
1551 1437 1827 1497 constare3
1870 1430 2066 1500 quodsi

107 1521 247 1575 hanc
283 1521 614 1575 sententiam
640 1526 929 1590 sequentes
966 1522 1103 1575 illud
1135 1528 1514 1590 argumentum
1538 1523 1785 1587 afferunt,
1824 1524 1871 1576 si
1900 1540 2065 1591 porro

110 1612 341 1667 docetur
387 1619 770 1680 argumentum
811 1605 934 1667 'esse
981 1631 1181 1682 anceps
1227 1615 1371 1682 quod
1418 1616 1584 1668 etiam
1625 1616 1681 1667 in
1729 1616 2064 1668 contrariam

107 1709 320 1774 partem
371 1705 510 1758 verti
559 1705 764 1772 possit,
831 1723 995 1774 quam
1045 1722 1360 1773 perversum
1411 1712 1494 1759 est
1543 1712 1659 1759 tum
1710 1706 1879 1760 verba
1928 1706 2064 1759 talia

110 1797 292 1851 facere
331 1796 517 1865 qualia
555 1796 764 1850 Hiller!
841 1797 1038 1854 Nonne
1075 1798 1178 1850 hoc
1224 1803 1308 1851 est
1355 1798 1411 1850 in
1460 1799 1660 1851 circulo
1699 1817 1756 1852 se
1796 1797 2061 1851 versare?

251 1888 376 1942 Uno
416 1889 584 1942 verbo
623 1907 871 1942 moneam
919 1908 966 1942 v.
998 1893 1135 1941 1262
1189 1889 1430 1943 eiusdem
1479 1889 1610 1943 libri
1660 1890 1892 1943 similem
1945 1906 2062 1943 esse

108 1981 193 2034 vel
233 1979 465 2034 eundem
501 1985 667 2048 atque
707 1984 842 2033 1239
864 1981 915 2036 b.
992 1980 1157 2049 Quod
1193 1981 1358 2034 licere
1406 1983 1515 2034 iam
1563 2000 1726 2051 supra
1777 1983 1852 2051 (p.
1884 1985 1948 2034 31
1976 1999 2058 2049 sq.

72 2070 74 2072 ¹
110 2072 182 2127 ad
216 2091 263 2125 v.
295 2076 454 2138 1238)
493 2073 686 2140 opinor
722 2072 952 2125 vidimus
974 2073 1032 2136 3).
1108 2072 1321 2141 Quibus
1360 2073 1621 2141 expositis
1656 2073 1795 2126 nihil
1837 2091 1930 2125 nos
1966 2075 2060 2124 im·

108 2164 262 2234 pedit
303 2165 591 2232 quominus
637 2170 830 2218 contra
878 2164 1300 2232 repetitionibus
1354 2165 1424 2217 ad
1462 2170 1710 2218 nostram
1749 2165 1816 2218 de
1855 2165 2061 2231 origine

107 2256 422 2325 appendicis
474 2257 796 2310 sententiam
847 2256 1230 2309 stabiliendam
1279 2261 1514 2309 utamur.
1602 2257 1868 2309 Putamus
1918 2257 2061 2309 enim

107 2349 177 2402 ab
214 2348 403 2402 eodem
443 2348 536 2416 qui
572 2348 951 2401 collectionem
983 2348 1242 2401 maiorem
1283 2348 1716 2413 concinnaverit,
1770 2353 1825 2400 et
1861 2347 2061 2400 librum

106 2462 140 2494 α
189 2445 244 2495 et
284 2440 484 2494 librum
533 2445 570 2509 β
615 2458 680 2493 ex
734 2440 942 2493 eisdem
992 2439 1220 2508 syllogis
1270 2439 1664 2507 antiquioribus
1717 2439 2055 2507 excerpendo

251 2639 286 2695 ¹)
316 2637 423 2694 Moy
452 2652 496 2694 p.
527 2638 605 2692 303
639 2636 844 2680 Corsenn
876 2651 920 2692 p.
953 2638 979 2679 6
1011 2639 1058 2679 et
1090 2638 1146 2679 37
1157 2652 1167 2690 ;
1201 2635 1423 2680 Schaefer
1450 2651 1496 2692 p.
1526 2638 1596 2680 36.

248 2724 286 2779 2)
318 2722 385 2767 Of.
416 2722 820 2767 Schneidewinum
850 2736 893 2778 p.
927 2723 980 2765 19
1012 2724 1058 2765 et
1086 2723 1156 2764 37.

249 2810 288 2865 8)
319 2807 388 2851 Of.
421 2807 593 2851 Simon.
628 2806 678 2850 C.
709 2808 778 2860 92,
809 2808 837 2848 2
867 2807 1070 2861 (κείνων)
1100 2805 1263 2862 ῥήμασι
1293 2805 1565 2859 πειθόμενοι
1575 2822 1592 2855 ,·
1623 2805 1715 2850 Sol.
1738 2809 1780 2860 4,
1810 2809 1836 2850 6
1865 2806 2060 2863 χρήμασι

103 2879 377 2934 πειθόμενοι
387 2894 403 2928 ;
443 2877 619 2934 Theog.
650 2878 734 2920 194
770 2875 965 2934 χρήμασι
993 2875 1296 2930 πειθόμενος,·
1334 2877 1426 2920 Sol.
1467 2880 1508 2929 4,
1552 2877 1603 2920 11
1636 2874 1840 2933 (ἀδίκοις)
1871 2879 2060 2933 ἔργμασι

103 2950 393 3004 πειθόμενοι,
422 2948 486 2992 id.
521 2949 585 3001 13,
619 2949 674 2992 12
703 2944 909 3003 (ἀδίκοις)
952 2948 1140 3003 ἔργμασι
1169 2945 1474 3000 πειθόμενος;
1516 2947 1692 3003 Theog.
1730 2949 1816 2991 380
1854 2944 2060 3003 (ἀδίκοις)

107 3023 294 3079 ἔργμασι
326 3020 620 3073 πειθομένων
630 3035 648 3070 ,·
693 3018 866 3074 Theog.
911 3018 996 3060 948
1040 3013 1247 3073 (ἀδίκοις)
1294 3015 1484 3072 ἀνδράσι
1527 3017 1830 3071 πειθόμενος,·
1882 3017 2058 3061 Simon.

105 3094 202 3142 140,
231 3093 259 3134 2
289 3088 452 3143 λήματι
479 3089 779 3142 πειθόμενοι;
810 3087 986 3144 Theog.
1017 3089 1101 3131 756
1133 3087 1335 3145 σώφρονι
1365 3087 1653 3141 πειθόμενος.
1674 3113 1732 3120 --
1751 3088 1933 3132 Similia
1954 3091 2061 3131 sunt

102 3165 152 3208 in
181 3162 330 3206 altera
355 3160 636 3216 pentametri
664 3162 797 3215 parte
827 3158 1000 3215 Theog.
1030 3160 1117 3202 920
1142 3161 1304 3215 γαστρὶ
1331 3157 1637 3214 χαριζόμενος,
1667 3157 1781 3201 ibid.
1813 3160 1899 3202 774
1933 3154 2059 3199 παιδὶ

102 3230 393 3288 χαριζόμενος
402 3247 418 3280 ,·
459 3230 631 3274 Simon.
664 3231 758 3281 123,
789 3232 818 3273 4
846 3232 973 3270 παισὶ
1000 3228 1290 3284 χαριζόμενος
1299 3244 1317 3279 ,·
1347 3229 1417 3282 85,
1449 3230 1504 3271 14
1523 3225 1660 3281 τλῆθι
1678 3228 1981 3286 χαριζόμενος.
2002 3253 2058 3260 ——

105 3305 288 3346 θεοῖσιν
319 3300 613 3354 ἐπευχόμενος
647 3299 820 3356 Theog.
842 3300 927 3343 358
947 3302 994 3343 et
1014 3302 1113 3353 944,
1145 3300 1327 3341 θεοῖσιν
1349 3297 1647 3352 ἐπευξάμενος
1669 3300 1793 3344 1116.
1834 3298 2059 3354 Exempla

105 3388 210 3418 cum
237 3371 484 3429 participio
516 3370 812 3423 ἐπιστάμενος
842 3370 984 3414 habes
1014 3369 1194 3414 Archil.
1228 3371 1266 3420 1,
1296 3372 1344 3425 2;
1387 3370 1479 3413 Sol.
1514 3371 1580 3423 13,
1622 3370 1701 3425 523
1743 3369 1917 3425 Theog.
1957 3370 2056 3423 564,

103 3444 202 3497 652,
231 3445 336 3498 7723
381 3441 597 3497 Aeschyl.
629 3445 670 3494 4,
700 3444 729 3484 4
757 3441 952 3498 Bergk.;
993 3440 1197 3484 Philetas
1235 3454 1306 3497 ap.
1339 3438 1468 3485 Stob.
1510 3440 1608 3485 flor.
1640 3441 1709 3491 81,
1740 3442 1769 3482 4
1798 3455 1839 3484 v.
1871 3441 1898 3482 4
1931 3438 2056 3493 (vide

102 3513 435 3570 Kuellenberg.
465 3528 510 3569 p.
540 3513 631 3568 53).

1747 3610 1799 3652 3*
