2372 4108
854 265 1163 313 -5„„

181 427 290 484 Sed
350 427 461 479 iam
523 425 682 476 nimis
738 422 910 474 multa
959 422 1122 475 verba
1180 421 1314 486 feci,
1382 425 1445 471 ut
1509 436 1727 471 carmen
1781 419 1906 471 inde
1958 438 1989 470 a

38 537 88 575 v.
126 521 331 571 19—26
366 517 637 584 integrum
677 532 852 581 neque
890 513 1316 580 interpolatione
1356 512 1714 578 depravatum
1772 511 1987 563 demon-

37 615 289 664 strarem.
362 607 668 664 Videamus
707 624 849 659 nunc
887 605 1018 672 quid
1061 604 1399 672 sphragis
1440 603 1534 655 illa
1567 601 1849 670 significet.
1914 601 1990 654 Ut

33 706 379 772 praeteream
408 697 713 753 Camerarii
751 703 807 750 et
831 697 1119 750 Leutschii
1158 695 1707 763 interpretationem),
1740 693 1988 761 plerique

35 794 139 846 viri
179 792 330 846 docti
373 791 722 844 Welckerum
772 789 967 856 secuti,
1019 795 1079 840 ut
1119 787 1515 852 Schneidewin,
1556 785 1753 851 Hiller,
1796 784 1986 846 Flach,

37 885 292 951 Orusiu8‚
341 900 538 936 nomen
584 886 779 950 poetae
818 882 1032 948 signum
1070 879 1209 931 illud
1251 879 1594 945 intelligunt⁷
1653 895 1759 944 quo
1799 876 1988 943 elegiis

34 977 190 1033 initio
222 975 488 1043 impresso
525 974 770 1026 carmina
801 990 834 1024 a
858 971 1138 1039 plagiariis
1180 970 1468 1023 defendere
1508 974 1702 1020 auctor
1737 967 1988 1021 voluerit.

35 1066 193 1136 Quae
221 1066 496 1120 sententia
521 1064 654 1116 mihi
692 1065 914 1116 minime
950 1062 1257 1131 probabilis
1288 1062 1519 1114 videtur.
1573 1061 1792 1112 Etenim
1826 1063 1991 1126 poeta

38 1158 283 1226 dicturus
314 1153 450 1209 ‘haec
481 1157 717 1208 carmina
751 1154 991 1224 Theoyuis
1027 1151 1262 1222 scripsit’7
1303 1154 1348 1205 si
1374 1153 1543 1205 verba
1566 1153 1703 1204 haec
1744 1151 1989 1202 fecisset:

34 1251 241 1320 siquam
276 1248 434 1301 verbis
474 1250 789 1316 imprimam,
829 1264 926 1316 quo
961 1248 1062 1301 viso
1099 1247 1447 1314 unusquisque
1489 1243 1785 1297 exclamabit
1822 1239 1991 1293 ‘Theo-

33 1341 206 1412 9uidis
241 1338 424 1406 suntl',
487 1339 735 1407 permire‚
775 1357 842 1391 ne
877 1339 1057 1390 dicam
1097 1338 1279 1405 inepte
1330 1342 1385 1390 et
1431 1336 1617 1403 lingua
1665 1333 1994 1388 balbutienti

34 1434 246 1487 locutus
298 1436 470 1498 esset,
530 1449 653 1484 cum
701 1449 816 1484 rem
867 1430 1164 1498 simplicem
1215 1447 1322 1481 non
1363 1434 1549 1496 aperte
1602 1427 1835 1493 diceret,
1896 1425 1991 1478 sed

35 1524 216 1590 verbis
254 1523 550 1576 artificiose
588 1522 1064 1575 circumscriberet
1116 1526 1169 1574 et
1212 1521 1437 1573 velaret.
1512 1520 1600 1571 Ac
1641 1535 1805 1586 quam
1839 1517 1988 1584 inep-

34 1622 168 1683 tum,
208 1616 365 1684 quasi
398 1616 503 1668 hoc
542 1615 743 1667 dicere:
792 1614 871 1666 Ex
908 1632 961 1666 eo
994 1613 1127 1683 quod
1164 1612 1244 1665 hic
1280 1629 1461 1664 nomeu
1499 1610 1799 1680 Theoquidis
1824 1610 1990 1678 posui,

37 1709 386 1777 uuusquisque
428 1707 550 1759 lzaec
593 1710 829 1758 carmina
874 1706 921 1758 Τ
916 1706 1177 1776 heoyuidis
1227 1722 1325 1757 esse
1371 1709 1638 1774 coquoscet.
1716 1701 1827 1756 Sed
1863 1701 1993 1753 licet

38 1800 130 1852 alii
178 1801 319 1852 hanc
357 1799 724 1852 elocutionem
765 1798 1074 1866 elegantem
1113 1797 1382 1861 iudicent,
1435 1802 1616 1848 tamen
1669 1795 1834 1847 verba
1885 1794 1994 1846 alia

39 1909 204 1944 causa
241 1892 384 1944 hanc
421 1890 930 1958 interpretationem
974 1907 1086 1942 non
1131 1888 1446 1953 admittunt,
1489 1904 1609 1938 cum
1648 1904 1872 1954 prorsus
1911 1887 1992 1938 in-

35 1983 186 2036 utilis
214 1988 359 2036 esset
394 1981 522 2035 talis
560 1981 823 2049 sphragis,
881 1981 1060 2034 Poeta
1088 1980 1230 2033 enim
1256 1979 1596 2046 Megarensis
1634 1996 1742 2031 non
1775 1995 1990 2030 carmen

38 2075 250 2143 epicum
288 2079 609 2142 perpetuum
648 2074 896 2140 scripsit,
946 2072 1039 2124 ubi
1073 2090 1271 2125 nomen
1311 2072 1478 2138 capiti
1513 2070 1817 2138 praefixum
1858 2071 1992 2122 satis

38 2172 218 2220 totum
251 2183 388 2234 opus
423 2165 774 2231 defendisset,
811 2164 908 2217 sed
947 2182 1203 2232 magnum
1236 2163 1531 2230 elegiarum
1562 2163 1786 2215 minoris
1825 2161 1992 2214 ambi-

37 2265 127 2312 tus
167 2275 450 2310 numerum
470 2257 531 2326 2).
607 2255 759 2325 Quas
806 2257 1011 2324 elegias
1058 2274 1179 2308 cum
1239 2256 1551 2322 singulatim
1608 2255 1868 2306 recitatas
1908 2253 1994 2305 vel

38 2351 219 2418 potius
283 2367 404 2402 cum
468 2347 616 2401 tibiis
681 2352 930 2400 cantatas
983 2366 1101 2401 esse
1151 2349 1206 2399 in
1257 2347 1517 2400 conviviis
1573 2345 1861 2398 verisimile
1921 2346 1993 2397 sit

40 2441 211 2510 (quod
260 2444 426 2509 poeta
473 2441 591 2509 ipse
648 2438 766 2492 fore
817 2444 1004 2507 sperat
1048 2458 1128 2492 vv.
1172 2441 1493 2505 239-43),
1553 2456 1992 2507 unamquamque

43 2531 234 2585 eodem
273 2533 425 2598 signo
464 2533 645 2585 notari
684 2523 905 2583 necesse
947 2537 1093 2597 erat,
1150 2549 1216 2583 ne
1265 2536 1458 2583 auctor
1495 2548 1679 2583 earum
1721 2530 1993 2583 oblivione

39 2624 375 2677 obrueretur.
453 2623 855 2691 Exspectamus
905 2624 1072 2692 igitur
1121 2628 1343 2691 poetam
1381 2623 1559 2675 simile
1599 2622 1861 2689 quiddam
1914 2621 1992 2674 fa-

42 2733 162 2768 cere
201 2720 367 2782 atque
406 2715 784 2783 Phocylidem‚
841 2716 936 2783 qui
986 2715 1103 2783 ipse
1144 2733 1363 2782 quoque
1404 2732 1721 2781 gnomarum
1761 2716 1994 2782 scriptor

41 2807 258 2874 singula
295 2808 538 2860 carmina
571 2807 747 2859 verbis
785 2807 870 2859 καὶ
907 2803 1026 2859 τόδε
1065 2807 1374 2860 Φωκυλίόεω
1413 2824 1569 2860 orsus
1602 2812 1701 2858 est.

182 2898 302 2951 Iam
335 2898 593 2966 quidnam
626 2899 840 2967 signum
866 2899 1001 2951 illud
1030 2898 1212 2965 fuerit,
1242 2917 1349 2951 non
1383 2898 1588 2951 diutius
1618 2898 1839 2950 dubium
1874 2898 1990 2950 erit.

42 2989 261 3042 Etenim
299 3007 418 3042 cum
458 2991 632 3044 sexies
664 2997 719 3044 et
757 2991 1068 3059 septuagies
1105 3008 1301 3044 nomen
1338 2989 1555 3058 Cyrni
1596 2990 1838 3057 legatur,
1899 3006 1993 3040 no-

27 3143 173 3186 posse
212 3130 429 3187 probavit
464 3130 492 3174 1.
517 3144 554 3174 c.
595 3145 638 3186 p.
661 3131 843 3175 85-90.
915 3131 1044 3188 Quae
1083 3133 1237 3175 autem
1277 3133 1554 3186 sequuntur,
1603 3129 1836 3172 reicienda
1873 3132 1992 3182 sunt,

40 3201 312 3257 praesertim
344 3201 542 3245 absurda
573 3202 670 3244 eius
701 3203 928 3246 sententia
950 3202 1007 3245 de
1028 3202 1266 3258 prooemio
1290 3201 1399 3244 libri
1421 3201 1615 3243 metrice
1647 3200 1917 3256 composito.
1940 3225 1995 3230 —-

40 3269 235 3315 Prorsus
271 3286 412 3327 prave
452 3272 524 3315 vir
563 3272 726 3315 doctus
765 3273 907 3317 verba
946 3273 1026 3316 illa
1058 3288 1100 3328 q.
1131 3287 1163 3314 s.
1195 3273 1275 3313 τοῦ
1310 3272 1553 3327 Μεγαρέως
1593 3285 1649 3314 ex
1679 3270 1994 3326 Xenophonte

27 3355 278 3386 removere
308 3342 476 3387 studet.
539 3342 623 3386 Oui
652 3344 752 3386 iure
783 3344 1051 3387 adversatur
1082 3343 1272 3386 Crusius
1302 3358 1346 3399 p.
1370 3345 1466 3386 624.

189 3413 222 3466 ¹)
256 3414 323 3456 De
352 3412 408 3455 iis
439 3411 495 3457 cf.
527 3411 773 3457 Sitzlerum
803 3429 847 3470 p.
871 3416 943 3458 27.

185 3481 222 3538 2)
252 3482 471 3540 Hartung
510 3485 589 3540 qui
628 3498 812 3528 carmen
850 3487 1127 3541 perpetuum
1173 3483 1313 3527 fuisse
1344 3485 1480 3539 putat
1511 3485 1570 3538 (p.
1591 3483 1681 3538 25),
1723 3482 1819 3523 sine
1851 3480 1992 3524 dubio

43 3555 182 3595 errat.
