2372 4108
917 262 1266 311 -37-

118 421 234 473 eius
277 420 541 487 diversas,
596 439 661 474 ex
710 422 907 490 quibus
960 427 1154 490 postea
1191 427 1412 475 nostrae
1462 422 1708 490 syllogae
1757 428 2070 477 contractae

117 518 272 579 sunt,
319 513 771 567 animadvertisse
825 518 959 581 puto
1001 513 1376 581 Theognidem
1428 513 1496 565 ab
1552 531 1733 566 amore
1783 532 2072 580 puerorum

117 621 226 657 non
265 604 502 657 alienum
543 623 660 658 esse
712 623 890 674 neque
928 610 1112 658 tamen
1150 623 1266 657 rem
1305 606 1816 658 commemoratione
1852 606 2073 672 dignam

118 695 336 749 duxisse
386 702 483 749 aut
532 697 654 748 inde
704 696 853 749 laudi
897 702 1093 765 poetae
1145 698 1436 764 quicquam
1481 697 1807 750 detractum.
1899 697 2070 765 Apud

116 788 511 841 Atticosenim
550 793 666 840 tum
699 790 890 841 vitium
927 788 1063 840 illud
1091 788 1352 841 sollemne
1386 793 1504 841 erat
1543 806 1720 856 neque
1758 789 1812 839 in
1850 788 2074 840 infamia

116 879 435 946 habebatur,
488 881 637 949 quod
676 880 1056 934 demonstrant
1087 898 1219 933 vasa
1258 878 1449 933 fictilia
1487 886 1542 933 et
1578 880 1786 947 scripta
1824 880 2072 932 Platonis

116 988 239 1024 cum
284 972 394 1024 alia
441 977 558 1025 tum
596 972 879 1025 Phaedrus
931 977 984 1025 et
1028 971 1431 1037 Oonvivium1).
1507 972 1648 1025 Utut
1699 971 1764 1024 de
1813 972 1896 1023 his
1935 971 2072 1023 iudi-

118 1062 349 1128 cabitur,
381 1082 479 1116 nos
514 1064 615 1116 hoc
654 1065 790 1116 iuris
828 1064 986 1117 nobis
1023 1065 1283 1116 sumimus
1324 1082 1388 1116 ex
1417 1063 1733 1129 Theognide
1772 1063 1891 1130 ipso
1922 1063 2072 1115 colli-

118 1154 283 1223 gendi
334 1156 510 1222 qualis
559 1156 754 1220 fuerit3
805 1173 1124 1209 revocamus
1167 1157 1334 1222 igitur
1386 1155 1454 1206 ad
1497 1172 1561 1207 ea
1599 1171 1739 1222 quae
1780 1171 1948 1222 supra
1986 1171 2072 1206 ex-

116 1246 439 1314 plicavimus
476 1266 527 1315 p.
559 1251 605 1300 7.
1035 1311 1039 1316 .

258 1338 553 1407 Reliquum
593 1343 702 1404 est,
753 1344 814 1391 ut
852 1355 1155 1391 sermonem
1202 1343 1400 1405 poetae
1450 1339 1627 1390 nostri
1664 1338 1749 1390 vel
1786 1343 2073 1405 poetarum

115 1431 306 1498 paucis
351 1430 529 1483 verbis
580 1436 884 1497 tangamuS.
970 1430 1219 1481 Fuerunt
1270 1430 1414 1482 enim
1467 1430 1560 1497 qui
1614 1429 1718 1481 sibi
1769 1429 1970 1481 formas
2020 1434 2074 1482 et

116 1522 281 1576 verba
322 1522 690 1590 posteriorum
741 1527 1049 1589 temporum
1099 1522 1324 1589 propria
1374 1522 1430 1573 in
1469 1521 1766 1588 appendice
1801 1520 2073 1574 detexisse

115 1614 444 1668 viderentur.
522 1613 956 1666 Herwerdenum
996 1613 1116 1664 dico
1168 1615 1239 1680 (p.
1275 1615 1342 1664 14
1379 1618 1433 1666 et
1476 1615 1588 1680 15),
1641 1613 1793 1664 cuius
1845 1614 2075 1666 crimina

117 1723 228 1758 non
275 1707 456 1772 magni
505 1705 765 1758 momenti
817 1710 945 1757 sunt
994 1721 1243 1772 quaeque
1294 1703 1541 1757 Corsenn
1592 1706 1663 1774 (p.
1709 1708 1772 1756 31
1797 1705 1904 1773 sq.)
1956 1707 2073 1757 iure

116 1798 340 1863 reiecit,
393 1802 447 1850 et
484 1796 777 1851 Oouatium
835 1798 910 1863 (in
963 1796 1109 1849 notis
1156 1796 1390 1848 versioni
1428 1795 1686 1865 additis),
1737 1814 1895 1863 quem
1944 1796 2073 1848 item

117 1890 447 1956 argumentis
494 1890 629 1942 satis
676 1889 930 1956 gravibus
970 1888 1155 1941 Hiller
1175 1891 1215 1952 2)
1265 1888 1564 1955 reppulisse
1615 1887 1747 1939 mihi
1785 1889 1931 1940 visus
1970 1892 2069 1940 est.

117 1979 328 2034 Contra
357 1979 545 2034 Hiller
564 1980 609 2050 3)
649 1986 705 2033 et
731 1980 976 2035 Oorseun
1018 1998 1319 2033 sermonem
1345 1980 1646 2048 simplicem
1675 1985 1730 2032 et
1757 1980 2071 2045 dilucidum,

118 2072 480 2126 elocutionem
510 2073 780 2139 elegantia
814 2090 921 2124 non
948 2077 1241 2136 carentem,
1280 2073 1614 2124 imitationes
1646 2072 1907 2125 sermonis
1935 2072 2073 2139 epici

116 2165 230 2217 late
267 2169 519 2232 patentes
558 2163 765 2215 indicia
798 2165 933 2216 satis
973 2181 1171 2231 magna
1210 2180 1326 2216 esse
1367 2163 1590 2230 docent,
1634 2151 1836 2231 ‘quibus
1870 2181 2071 2231 appen-

118 2256 292 2309 dicem
361 2261 489 2308 ante
549 2255 1054 2308 Alexandrinorum
1123 2262 1373 2323 tempora
1431 2256 1706 2308 conditam
1776 2257 2070 2309 evincatur.

119 2348 322 2402 Confer
373 2349 536 2400 etiam
585 2364 719 2414 quas
759 2346 1008 2401 Oorsenn
1046 2347 1113 2400 de
1159 2351 1278 2399 arte
1318 2353 1515 2415 poetae
1555 2365 1811 2400 versuum
1859 2365 2071 2416 compo-

119 2440 422 2493 nendorum
451 2443 506 2491 et
531 2438 743 2505 legibus
781 2439 1025 2491 metricis
1066 2439 1356 2505 diligenter
1393 2440 1618 2492 servatis
1657 2439 2071 2513 observationes

126 2533 398 2600 congessit
436 2548 487 2598 p.
517 2533 746 2583 32—35.

258 2622 438 2677 Unam
501 2627 683 2674 autem
728 2640 795 2674 ex
845 2622 1006 2675 rebus
1071 2623 1311 2674 metricis
1361 2639 1523 2689 quam
1573 2621 1668 2675 ille
1717 2624 1923 2689 omisit,
1985 2624 2073 2676 hic

118 2715 358 2767 breviter
382 2718 625 2766 tractare
661 2714 844 2778 liceat,
884 2730 1044 2765 usum
1074 2714 1363 2781 positionis
1403 2713 1614 2766 debilis.
1673 2713 1797 2767 Hac
1834 2732 1892 2767 re
1930 2716 2074 2767 enim

116 2811 313 2874 poetae
350 2806 564 2873 antiqui
603 2805 671 2857 ab
715 2805 1065 2858 inferioribus
1104 2806 1340 2858 maxime
1380 2805 1692 2873 discrepare
1733 2807 1930 2859 solent.
2005 2807 2074 2858 In

118 2897 294 2950 vocali
342 2902 524 2950 autem
575 2903 774 2949 natura
819 2896 970 2948 brevi
1017 2902 1144 2949 ante
1202 2902 1408 2948 mutam
1466 2913 1586 2948 cum
1644 2897 1855 2964 liquida
1905 2899 2074 2952 corri-

118 2989 316 3058 pienda
372 2989 503 3056 quid
556 2992 752 3056 poetae
805 2988 1138 3041 diversorum
1189 2994 1495 3055 temporum
1550 2989 1653 3041 sibi
1708 2991 2072 3057 permiserint,

120 3082 320 3148 optime
357 3081 493 3132 disci
532 3085 718 3148 potest
757 3098 822 3133 ex
860 3079 1200 3134 Goebelii
1246 3079 1631 3132 dissertatione
1672 3099 1721 3148 q.
1745 3082 1779 3133 i.
1830 3079 1917 3134 ‘de
1956 3099 2073 3134 cor-

265 3242 301 3297 1)
332 3240 572 3285 Eiusmodi
615 3241 707 3284 loci
742 3242 915 3297 legenti
954 3242 1123 3297 passim
1154 3255 1202 3284 se
1241 3241 1467 3294 offerunt,
1509 3244 1562 3284 ut
1602 3243 1648 3284 in
1689 3240 1889 3284 Menone
1930 3243 1984 3284 76
2016 3242 2072 3284 B.

121 3311 212 3367 Qui
255 3312 379 3355 enim
422 3311 523 3356 fieri
563 3316 719 3369 posset
757 3316 812 3355 ut
851 3312 1029 3355 iuvenis
1069 3311 1192 3354 hunc
1236 3312 1386 3355 iocum
1430 3326 1578 3367 aequo
1621 3313 1772 3356 animo
1815 3311 1957 3355 ferret
1987 3312 2075 3355 nisi

117 3382 230 3426 talia
260 3382 471 3438 vulgaria
500 3383 696 3427 fuissent
727 3386 774 3426 et
804 3383 933 3438 quasi
964 3383 1012 3425 in
1044 3384 1150 3425 aere
1181 3382 1447 3426 versantia?

261 3467 300 3524 ς)
331 3467 588 3512 Jahresber.
618 3467 655 3522 f.
687 3467 823 3511 klass.
854 3466 1022 3511 Altert.
1056 3467 1166 3510 1883
1197 3482 1239 3523 p.
1274 3468 1371 3511 259.

262 3551 300 3607 ³)
336 3551 583 3597 Jahrba‘ch.
612 3550 649 3605 f.
680 3550 812 3595 klass.
844 3550 965 3595 Phil.
1000 3552 1108 3594 1881
1140 3566 1184 3607 p.
1208 3553 1306 3595 471.
