2372 4108
875 227 1229 277 —39—

68 386 212 455 quis,
248 385 466 452 Solone,
505 386 870 454 Xenophane,
910 385 1230 457 Theognide
1258 388 1491 455 genuino
1521 405 1805 444 commune
1839 390 2023 445 habet.

0 495 33 554 ’.ι
71 476 371 547 Nunquam
403 478 572 546 igitur
600 478 692 532 ille
724 483 850 532 ante
881 479 1301 547 compositiones
1331 479 1607 547 graviores
1634 482 1875 534 vocalem
1901 483 2023 536 bre·

68 586 186 623 vem
224 569 447 624 admisit
483 573 544 622 ut
573 571 918 637 recentioiffes
959 574 1084 623 ante
1121 590 1208 637 πν,
1249 590 1318 632 κν,
1361 590 1432 635 χν,
1470 574 1540 623 θν
1571 572 1626 624 in
1666 572 1844 625 media
1870 591 2016 641 voce,

65 663 134 731 βλ
165 666 221 715 et
252 662 318 730 γλ
352 661 408 714 in
434 660 541 714 fine
580 661 728 714 verbi
748 662 808 730 1).
866 661 1126 729 Sequitur
1150 666 1370 729 poetam
1396 663 1534 715 nihil
1560 663 1761 716 habere
1797 670 2022 734 propter

6 825 10 827 Α
66 741 218 822 quod
254 770 385 807 aevo
425 753 664 806 inferiori
700 753 942 805 tribuere
977 771 1100 806 eum
1138 770 1412 820 cogamur.
1486 752 1610 806 Etsi
1648 754 1774 809 inde
1812 761 2020 825 tempo·

67 845 219 898 ribus
254 844 646 913 posterioribus
699 844 938 897 scribere
989 862 1109 896 eum
1173 862 1278 897 non
1328 845 1565 914 potuisse
1623 865 1730 899 non
1781 849 2021 902 vicissim

18 919 19 922 Ἴ
65 936 317 1003 efficitur,
344 942 526 990 tamen
553 938 815 990 maiorem
854 936 1020 989 habet
1046 936 1284 1004 speciem
1312 942 1532 1004 poetam
1570 939 1854 1006 antiquum
1884 957 2019 1007 esse,

63 1047 187 1083 cum
226 1046 481 1082 numerus
522 1030 929 1097 correptionum
966 1028 1293 1096 perexiguus
1322 1029 1394 1081 sit
1420 1046 1518 1096 pro
1553 1030 1710 1098 copia
1742 1031 2019 1084 vocalium

65 1120 457 1190 productarum
489 1121 540 1187 (3
565 1139 574 1172 :
600 1123 707 1186 28).

209 1211 374 1281 Quod
407 1213 645 1280 pertinet
688 1213 756 1264 ad
794 1216 969 1265 totam
1005 1211 1269 1285 materiae
1307 1229 1438 1264 sane
1488 1212 1728 1266 lubricae
1779 1218 2016 1266 tractan-

63 1305 169 1358 dae
206 1306 493 1371 rationem,
531 1305 648 1358 iure
686 1304 932 1359 Gorsenn
969 1303 1331 1370 Hertzbergio
1371 1303 1765 1357 Alexandrinis
1802 1322 2018 1373 poema-

48 1397 144 1470 tia
179 1396 506 1450 attribuenti
540 1395 871 1463 obloquitur,
912 1413 1033 1448 cum
1073 1395 1369 1462 elegiarum
1396 1397 1690 1449 multarum
1731 1415 2017 1466 argumen-

19 1485 21 1487 ’
61 1494 178 1542 tum
218 1487 480 1542 eroticum
517 1488 694 1555 primo
735 1487 931 1541 obtutu
959 1488 1211 1555 cognosci
1237 1506 1347 1541 non
1383 1505 1543 1556 posse
1581 1495 1816 1556 moneat,
1850 1491 2016 1543 immo

8 1634 9 1639 ,
60 1582 386 1648 scriptorem
428 1580 749 1647 plerumque
790 1579 969 1631 verbis
1031 1580 1314 1633 modestis?
1339 1598 1497 1633 usum
1547 1598 1787 1634 amorem
1838 1583 2018 1649 specie

61 1672 338 1726 amicitiae
374 1671 570 1737 velare,
610 1689 717 1739 qua
755 1689 813 1725 re
851 1671 1090 1724 disticha
1122 1676 1309 1725 nostra
1346 1672 1672 1739 permultum
1710 1673 2017 1741 discrepare

61 1764 132 1818 ab
169 1764 579 1832 epigrammatis
615 1764 961 1832 anthologiae
987 1763 1278 1818 Palatinae
1315 1764 1494 1832 plenis
1532 1765 1922 1818 obscoenitatis
1963 1770 2017 1818 et

0 1823 14 1913 3
61 1856 319 1910 lasciviae
340 1855 400 1925 ²).
490 1855 646 1908 Haec
682 1861 737 1909 et
775 1859 956 1908 cetera
995 1873 1134 1923 quae
1185 1857 1602 1910 commemoravi
1648 1875 1680 1910 a
1733 1855 2013 1910 Gorsenno

0 1915 11 2004 3
60 1948 390 2016 Hilleroque
425 1947 592 2000 allata
632 1965 755 2000 cum
791 1949 922 2000 mihi
960 1954 1104 2001 recte
1143 1965 1200 2000 se
1239 1948 1441 2001 habere
1482 1948 1786 2015 videantur,
1839 1948 2015 2002 facere

0 2044 7 2066 ·'
59 2058 168 2094 non
205 2058 429 2109 possum
456 2041 587 2108 quin
625 2040 817 2093 horum
855 2040 1156 2093 sententiae
1193 2040 1453 2093 accedam
1492 2046 1754 2108 quantum
1794 2040 2015 2107 quidem

0 2121 6 2203 ᾗ
58 2133 301 2201 pertinet
338 2132 409 2185 ad
444 2133 735 2185 terminum
774 2137 902 2185 ante
941 2149 1119 2199 quem.

203 2223 411 2279 Verum
449 2224 532 2276 his
570 2224 904 2292 argumentis
954 2242 1052 2277 nos
1100 2242 1209 2278 non
1243 2224 1661 2292 acquiescimus,
1713 2224 1875 2276 immo
1914 2241 2013 2277 nos

0 2327 2 2359 ἕ
57 2322 280 2386 quoque
319 2322 695 2384 argumentum
742 2333 969 2383 novum,
1026 2317 1177 2384 quod
1214 2334 1319 2369 non
1371 2315 1578 2368 minimi
1628 2316 1888 2367 momenti
1924 2315 2015 2381 sit,

58 2409 254 2463 afferre
308 2425 467 2478 posse
505 2408 664 2462 nobis
704 2407 960 2460 videmur.
1050 2398 1392 2462 Continetur'
1440 2412 1624 2459 autem
1680 2424 1761 2457 vv.
1807 2407 2011 2476 1347s8.

57 2501 268 2556 Notum
326 2501 468 2554 enim
524 2504 607 2552 est
662 2516 782 2551 eam
838 2499 1058 2553 fabulae
1119 2502 1349 2554 formam
1402 2517 1511 2567 qua
1566 2497 2013 2567 Ganymedes

56 2594 244 2663 aquila
291 2593 363 2646 ad
417 2592 627 2645 caelum
664 2591 912 2644 sublatus
953 2609 1071 2644 esse
1121 2596 1375 2644 narratur
1413 2590 1706 2643 admodum
1740 2595 2013 2644 recentem

56 2701 176 2738 esse
197 2683 255 2749 3).
330 2683 539 2737 Poetae
582 2683 858 2736 veterrimi
893 2687 990 2736 aut
1026 2683 1163 2735 nihil
1201 2683 1511 2736 accuratius
1549 2682 1615 2734 de
1653 2686 1817 2750 raptu
1856 2682 2014 2749 pueri

56 2775 322 2830 referunt·
340 2775 427 2841 (Il.
457 2781 504 2825 Υ
527 2778 628 2827 232
645 2791 743 2842 sq„
781 2774 1022 2827 Lesches
1051 2774 1201 2842 apud
1221 2773 1436 2827 Welck.
1461 2790 1534 2841 ep.
1566 2773 1710 2842 Gylcl.
1732 2772 1797 2826 II
1814 2793 1866 2842 p.
1890 2776 2009 2840 534,

54 2867 258 2937 Ibycus
296 2869 349 2920 in
384 2866 550 2920 schol.
585 2865 653 2918 ad
681 2866 870 2935 Apoll.
902 2866 1084 2919 Rhod.
1113 2870 1162 2933 3,
1202 2868 1303 2918 158
1334 2891 1403 2908 --
1434 2865 1498 2917 fr.
1527 2869 1594 2918 30
1630 2865 1872 2934 Bergk),
1917 2871 2014 2919 aut

202 3085 238 3142 ²)
276 3084 336 3128 Ut
367 3084 626 3128 Simonides
657 3085 774 3128 Ceus
805 3086 874 3138 99,
905 3086 953 3138 3;
995 3085 1090 3138 141,
1128 3085 1175 3137 5;
1208 3083 1423 3138 Aeschyl.
1464 3083 1518 3125 fr.
1551 3085 1599 3138 2;
1643 3082 1810 3126 Critias
1849 3085 1890 3138 2,
1933 3085 2008 3138 11;

54 3158 97 3210 2,
127 3158 205 3211 2Ο;
249 3154 521 3199 Parrhasius
563 3156 599 3208 1,
638 3157 689 3209 4;
736 3157 775 3208 3,
806 3156 855 3208 2;
904 3155 1178 3198 Aristoteles
1218 3154 1274 3197 fr.
1305 3155 1355 3206 23
1401 3154 1560 3197 Grates
1603 3155 1643 3207 7,
1682 3156 1731 3209 43
1778 3153 2012 3198 Leonidas

54 3224 333 3269 Tarentinus
362 3226 521 3280 (laudo
553 3226 611 3269 ad
643 3226 897 3269 editionem
927 3224 1322 3279 Hartungianam)
1353 3227 1394 3278 3,
1424 3226 1474 3278 43
1506 3227 1545 3274 9,
1580 3226 1628 3280 13
1658 3226 1727 3278 48,
1761 3226 1798 3268 1.

199 3296 236 3351 ²)
267 3297 476 3341 Gorsenn
505 3310 549 3352 p.
583 3297 651 3349 30,
682 3298 752 3340 31.
814 3295 882 3339 Of.
914 3296 1072 3352 Bergk
1101 3310 1145 3351 p.
1175 3296 1272 3339 315.

200 3366 234 3421 ³)
256 3366 338 3410 ‘De
370 3366 637 3422 Ganymede
674 3367 835 3411 confer
866 3367 1124 3410 Prellerum
1150 3366 1315 3423 qriech.
1349 3365 1543 3422 Mythol.
1578 3365 1636 3408 12
1666 3381 1709 3422 p.
1740 3367 1837 3418 392,
1871 3366 2013 3409 Over-

54 3435 269 3480 beckium
305 3436 473 3494 griech.
514 3437 948 3495 Kunstmytholoqie
986 3436 1012 3480 I
1042 3452 1086 3493 p.
1117 3438 1200 3480 515
1231 3451 1343 3492 sqq„
1386 3436 1666 3480 Drexlerum
1710 3436 1759 3478 in
1787 3435 2014 3478 Roscheri

54 3505 202 3551 lexico
235 3506 261 3550 Ι
289 3522 333 3564 p.
368 3507 478 3552 1595
508 3522 604 3565 sqq.
