2372 4108
892 265 1245 314 —47-

93 422 221 489 quin
244 423 493 492 exempla
512 423 611 476 illa
636 423 905 476 vocalium
938 444 980 475 ω
999 444 1041 493 ῳ
1064 443 1093 493 η
1113 443 1144 492 ῃ
1174 429 1272 478 etc.
1309 442 1410 492 pro
1443 425 1583 477 veris
1611 427 2046 493 correptionibus

90 513 409 582 accipienda
445 515 554 568 sint
589 514 711 581 ubi,
760 514 996 568 fortasse
1045 515 1096 566 vi
1144 516 1299 580 arsia
1351 516 1532 569 vocali
1582 518 1774 585 longae
1823 520 2045 586 paulum

90 607 350 675 temporis
376 606 678 660 detractum
714 608 787 659 sit
812 607 987 660 vocali
1017 608 1349 674 insequente.
1406 608 1565 662 Haec
1603 609 1769 676 igitur
1802 610 2044 664 Homero

63 713 202 751 .n0n
239 697 619 765 detorquenda
656 704 780 751 sunt
800 701 857 764 l).

233 789 343 843 Sed
370 790 536 843 etiam
565 790 631 842 de
656 789 900 843 Hartelii
930 792 1204 844 sententia
1232 793 1478 858 quamvis
1516 810 1773 860 magnam
1810 793 2046 860 speciem

90 881 309 946 habeat,
351 880 618 934 confiteor
656 882 790 934 mihi
828 882 1037 951 aliquid
1077 882 1436 936 dubitationis
1474 900 1769 937 remanere.
1839 884 2045 940 Verum

90 990 211 1026 cum
250 972 474 1025 difficile
524 973 596 1024 sit
642 974 755 1026 viro
804 979 991 1027 tantae
1030 975 1377 1028 auctoritatis
1425 974 1663 1042 obloqui,
1719 977 2045 1042 praesertim

90 1081 212 1117 cum
261 1065 318 1116 in
363 1063 526 1116 rebus
574 1064 778 1118 talibus
826 1083 933 1118 non
973 1065 1111 1119 adeo
1147 1071 1396 1120 versatus
1435 1067 1551 1133 sim,
1605 1067 1850 1121 modeste
1889 1067 2044 1121 dubi-

84 1156 322 1209 tationes
350 1155 596 1209 obiectas
629 1157 804 1210 velim.
861 1157 1019 1210 Haec
1047 1163 1227 1211 autem
1250 1163 1376 1211 sunt
1396 1158 1596 1226 quibus
1625 1159 1695 1211 ad
1718 1159 2041 1213 sententiam

85 1247 230 1300 illius
263 1248 522 1301 accedere
548 1248 858 1316 prohibeor.
923 1248 1134 1316 Siquis
1167 1267 1282 1302 rem
1308 1249 1448 1303 adeo
1469 1267 1666 1303 novam
1696 1251 2046 1304 introducere·

87 1339 220 1407 vult,
259 1340 591 1406 gravissimis
626 1341 963 1407 argumentis
1002 1341 1274 1393 sententia
1308 1341 1583 1395 sollemnis
1622 1342 1926 1396 refellenda
1963 1350 2046 1397 est

87 1431 703 1500 demonstrandumque,
734 1450 850 1486 rem
888 1433 1198 1486 necessario
1242 1433 1321 1484 ita
1354 1434 1729 1501 accipiendam
1769 1452 1901 1502 esse,
1934 1453 2044 1488 non

79 1523 262 1590 aliter.
321 1523 528 1578 Verum
560 1529 883 1592 argumenta
908 1525 1054 1577 illius
1077 1543 1185 1578 non
1211 1526 1396 1592 magni
1425 1526 1684 1578 momenti
1717 1532 1842 1579 sunt
1876 1532 2043 1595 atque

84 1616 270 1683 potius
321 1615 711 1669 demonstravit
759 1617 977 1671 vocales
1034 1617 1130 1670 illo
1184 1617 1348 1670 modo
1403 1618 1757 1685 pronunciari
1802 1619 2043 1685 potuisse

89 1725 250 1776 quam
274 1709 666 1775 pronunciatas
694 1703 828 1764 esse.
887 1709 1060 1764 Velut
1086 1709 1233 1776 quod
1260 1710 1315 1761 in
1342 1709 1600 1762 interiore
1626 1714 1785 1776 parte
1809 1711 2043 1763 vocabu-

89 1800 266 1852 lorum
304 1817 412 1853 non
458 1818 583 1854 raro
623 1801 991 1870 diphthongos
1034 1805 1162 1854 ante
1211 1801 1346 1854 alias
1396 1800 1616 1854 vocales
1654 1806 1894 1855 mutatas
1925 1820 2042 1856 esse

86 1892 142 1944 in
159 1892 405 1949 vocalem
424 1892 645 1946 brevem
664 1899 720 1947 et
739 1893 1119 1954 semivocalem
1140 1893 1321 1959 evicit,
1353 1892 1454 1945 hae
1485 1897 1670 1945 tamen
1692 1895 2041 1962 exceptiones

87 1989 239 2050 sunt3
290 1983 612 2054 plerumque
663 1985 990 2057 diphthongi
1042 1989 1167 2038 ante
1205 1984 1424 2038 vocales
1463 1984 1766 2039 collocatae
1800 2003 2040 2053 pronun-

87 2075 380 2129 ciationem
434 2079 769 2146 peculiarem
819 2078 1072 2131 retinent.
1150 2075 1273 2130 Hac
1332 2094 1390 2130 re
1445 2077 1613 2144 igitur
1661 2094 1771 2130 non
1821 2077 2040 2131 demon·

85 2172 291 2221 stratur
327 2168 699 2238 diphthongos
736 2170 927 2223 finales
964 2170 1117 2222 illum
1163 2186 1326 2238 quem
1364 2168 1568 2221 Hartel
1617 2169 1814 2222 statuit
1850 2186 2040 2223 sonum

84 2259 357 2314 habuisse.
432 2261 608 2316 Porro
649 2263 796 2332 quod
833 2262 901 2316 de
936 2263 1116 2330 prima
1147 2261 1292 2314 thesi
1319 2260 1497 2328 quinti
1527 2259 1680 2327 pedis
1719 2259 1806 2325 (II
1829 2279 1883 2329 p.
1916 2266 2041 2327 376)

87 2355 142 2404 et
181 2350 247 2405 de
282 2354 533 2407 secundis
581 2355 827 2408 thesibus
868 2355 957 2424 (II
981 2374 1033 2423 p.
1074 2357 1175 2407 375
1217 2357 1270 2407 et
1307 2352 1406 2405 III
1442 2370 1496 2420 p.
1520 2353 1609 2418 46)
1631 2351 1675 2420 2)
1715 2351 1866 2419 dicit,
1905 2354 2041 2406 nihil

84 2443 245 2498 valet.
319 2444 496 2499 Immo
533 2446 590 2498 in
629 2448 804 2501 altera
840 2447 984 2500 thesi
1014 2463 1276 2515 persaepe
1304 2444 1362 2497 id
1396 2444 1634 2497 occurrit
1660 2461 1768 2511 quo
1797 2444 2042 2499 Hartelii

85 2537 357 2590 sententia
405 2538 540 2591 mihi
588 2539 782 2593 cadere
830 2539 1065 2605 videtur,
1122 2536 1503 2606 interpunctio.
1578 2535 1646 2587 In
1701 2535 1859 2589 libris
1909 2558 2040 2591 α-ε

86 2645 221 2696 quos
257 2629 488 2698 exempli
514 2647 680 2684 causa
711 2632 1043 2699 perlustravi
1068 2631 1368 2700 (particula
1392 2631 1479 2682 καί
1506 2626 1742 2695 seclusa)
1780 2629 1835 2680 in
1866 2631 2038 2696 primo

84 2720 224 2789 pede
250 2720 434 2774 hiatus
462 2722 731 2791 dactylici,
769 2728 832 2777 ut
858 2724 963 2777 hoc
988 2724 1155 2777 verbo
1189 2727 1330 2789 utar,
1367 2725 1467 2775 123
1494 2722 1765 2785 leguntur,
1807 2738 2036 2789 quorum

83 2815 152 2865 46
202 2813 704 2881 interpunctionem
751 2817 1060 2884 graviorem
1109 2815 1326 2881 habent,
1377 2815 1412 2867 i.
1453 2832 1497 2868 e.
1538 2816 1652 2870 fere
1691 2817 1858 2870 tertia
1893 2833 2036 2883 parS,

88 2908 152 2956 77
187 2905 682 2973 interpunctionem
719 2925 826 2960 non
864 2907 1094 2973 habent3
1133 2909 1189 2960 in
1229 2913 1426 2976 quarto
1454 2907 1592 2975 pede
1631 2908 1812 2961 hiatus
1852 2908 2038 2976 dacty-

230 3104 266 3158 ¹)
298 3103 452 3147 Christ
481 3104 685 3149 Metrik²
713 3105 740 3161 ἕ
770 3107 826 3148 46
857 3104 918 3148 ad
947 3103 1178 3148 Grulichii
1207 3105 1485 3148 sententiam
1515 3105 1720 3148 accessit.

227 3189 267 3244 2)
296 3186 378 3232 111
405 3204 449 3245 p.
471 3190 551 3232 46:
603 3188 733 3233 Dass
772 3189 870 3233 eine
909 3188 1055 3234 solche
1093 3189 1505 3246 Lautverbinduny
1541 3188 1746 3233 wirklieh
1787 3187 2036 3243 stattfand,

83 3258 355 3315 stattfinden
383 3261 566 3313 maeste,
593 3260 700 3317 geht
728 3259 905 3304 daraus
933 3259 1106 3311 hervor,
1138 3260 1245 3304 dass
1264 3260 1382 3305 dicse
1402 3259 1724 3316 Erscheinnnq
1748 3258 1912 3316 yerade
1933 3258 2040 3303 dort

71 3329 217 3384 ⁴ihren
248 3329 350 3374 Sitz
377 3330 483 3385 hat,
526 3344 592 3375 wo
631 3333 760 3375 sonst
799 3330 874 3375 ein
903 3330 1179 3375 Einschnitt
1205 3330 1337 3375 nieht
1360 3330 1523 3388 qeliebt
1552 3330 1659 3374 oder
1683 3330 1909 3387 yeradezu
1938 3344 2034 3374 ver-

75 3402 198 3458 pb‘nt
223 3401 300 3446 ist.
362 3401 456 3446 Mit
496 3401 696 3447 Vorliebe
735 3401 854 3446 wird
898 3401 970 3446 die
1007 3401 1162 3446 zweite
1192 3401 1349 3445 Ku'rze
1389 3400 1496 3445 oder
1529 3400 1687 3445 Thesis
1732 3400 1876 3444 durch
1905 3401 2038 3444 einen

84 3470 356 3529 Diphthonq
393 3471 608 3529 qebildet,
649 3504 825 3518 ......
867 3473 986 3517 denn
1030 3472 1102 3517 die
1141 3471 1373 3517 einzelnen
1413 3471 1651 3527 Versfiisse
1688 3471 1822 3516 sucht
1849 3485 1960 3516 man
1988 3483 2036 3515 80

82 3541 170 3586 viel
193 3541 276 3586 wic
304 3542 496 3600 miiylich
529 3556 588 3587 zu
616 3542 937 3600 versehlinqen.
