<?xml version="1.0" encoding="UTF-8"?>
<!DOCTYPE html PUBLIC "-//W3C//DTD XHTML 1.0 Transitional//EN"
    "http://www.w3.org/TR/xhtml1/DTD/xhtml1-transitional.dtd">
<html xmlns="http://www.w3.org/1999/xhtml" xml:lang="en" lang="en">
 <head>
  <title>
</title>
<meta http-equiv="Content-Type" content="text/html;charset=utf-8" />
  <meta name='ocr-system' content='tesseract 3.04.00' />
  <meta name='ocr-capabilities' content='ocr_page ocr_carea ocr_par ocr_line ocrx_word'/>
</head>
<body>
  <div class='ocr_page' id='page_1' title='image "./studiatheognidea00lucauoft_0013.png"; bbox 0 0 2372 4108; ppageno 0'>
   <div class='ocr_carea' id='block_1_1' title="bbox 881 241 1254 289">
    <p class='ocr_par' dir='ltr' id='par_1_1' title="bbox 881 241 1254 289">
     <span class='ocr_line' id='line_1_1' title="bbox 881 241 1254 289; baseline 0.003 -12"><span class='ocrx_word' id='word_1_1' title='bbox 881 241 1254 289; x_wconf 23' lang='lat'>-,7‚,.-,-,</span> 
     </span>
    </p>
   </div>
   <div class='ocr_carea' id='block_1_2' title="bbox 0 397 2053 2664">
    <p class='ocr_par' dir='ltr' id='par_1_2' title="bbox 0 397 2053 2480">
     <span class='ocr_line' id='line_1_2' title="bbox 71 397 2014 467; baseline -0.001 -16"><span class='ocrx_word' id='word_1_2' title='bbox 71 403 234 467; x_wconf 75' lang='lat' dir='ltr'>poet&#39;a</span> <span class='ocrx_word' id='word_1_3' title='bbox 270 399 395 466; x_wconf 84' lang='lat' dir='ltr'>-ipse</span> <span class='ocrx_word' id='word_1_4' title='bbox 447 398 655 450; x_wconf 89' lang='lat' dir='ltr'>indicat</span> <span class='ocrx_word' id='word_1_5' title='bbox 709 416 789 450; x_wconf 78' lang='lat' dir='ltr'>vv,</span> <span class='ocrx_word' id='word_1_6' title='bbox 821 399 955 465; x_wconf 66' lang='lat' dir='ltr'>27s8.</span> <span class='ocrx_word' id='word_1_7' title='bbox 1030 397 1224 465; x_wconf 82' lang='lat' dir='ltr'>Neque</span> <span class='ocrx_word' id='word_1_8' title='bbox 1271 398 1373 451; x_wconf 90' lang='lat' dir='ltr'>hoc</span> <span class='ocrx_word' id='word_1_9' title='bbox 1424 397 1673 450; x_wconf 86' lang='lat' dir='ltr'>dubitare</span> <span class='ocrx_word' id='word_1_10' title='bbox 1725 398 1850 449; x_wconf 90' lang='lat' dir='ltr'>licet</span> <span class='ocrx_word' id='word_1_11' title='bbox 1896 411 2014 450; x_wconf 86' lang='lat' dir='ltr'>meo</span> 
     </span>
     <span class='ocr_line' id='line_1_3' title="bbox 72 488 2016 558; baseline 0 -16"><span class='ocrx_word' id='word_1_12' title='bbox 72 490 292 558; x_wconf 87' lang='lat' dir='ltr'>quidem</span> <span class='ocrx_word' id='word_1_13' title='bbox 330 490 550 554; x_wconf 89' lang='lat' dir='ltr'>iudicio,</span> <span class='ocrx_word' id='word_1_14' title='bbox 590 490 723 556; x_wconf 89' lang='lat' dir='ltr'>quin</span> <span class='ocrx_word' id='word_1_15' title='bbox 761 488 972 557; x_wconf 82' lang='lat' dir='ltr'>Cyrnus</span> <span class='ocrx_word' id='word_1_16' title='bbox 1011 488 1271 557; x_wconf 74' lang='grc' dir='ltr'><strong><em>ἐρώμενος</em></strong></span> <span class='ocrx_word' id='word_1_17' title='bbox 1307 489 1475 541; x_wconf 87' lang='lat' dir='ltr'>fuerit</span> <span class='ocrx_word' id='word_1_18' title='bbox 1513 488 1841 557; x_wconf 89' lang='lat' dir='ltr'>Theognidis</span> <span class='ocrx_word' id='word_1_19' title='bbox 1861 492 1919 557; x_wconf 87' lang='grc'>1),</span> <span class='ocrx_word' id='word_1_20' title='bbox 1957 497 2016 542; x_wconf 89' lang='lat' dir='ltr'>ut</span> 
     </span>
     <span class='ocr_line' id='line_1_4' title="bbox 73 579 2015 649; baseline -0.002 -14"><span class='ocrx_word' id='word_1_21' title='bbox 73 599 214 635; x_wconf 65' lang='lat' dir='ltr'>eum:-</span> <span class='ocrx_word' id='word_1_22' title='bbox 245 582 533 649; x_wconf 89' lang='lat' dir='ltr'>inscriptio</span> <span class='ocrx_word' id='word_1_23' title='bbox 581 582 784 634; x_wconf 86' lang='lat' dir='ltr'>codicis</span> <span class='ocrx_word' id='word_1_24' title='bbox 822 580 854 631; x_wconf 78' lang='lat' dir='ltr'><strong><em>h</em></strong></span> <span class='ocrx_word' id='word_1_25' title='bbox 893 587 947 633; x_wconf 91' lang='lat' dir='ltr'>et</span> <span class='ocrx_word' id='word_1_26' title='bbox 980 580 1180 634; x_wconf 84' lang='lat' dir='ltr'>Suidas</span> <span class='ocrx_word' id='word_1_27' title='bbox 1227 581 1520 648; x_wconf 83' lang='lat' dir='ltr'>appellant.</span> <span class='ocrx_word' id='word_1_28' title='bbox 1596 579 1754 646; x_wconf 78' lang='lat' dir='ltr'>Quod</span> <span class='ocrx_word' id='word_1_29' title='bbox 1796 581 2015 648; x_wconf 85' lang='lat' dir='ltr'>quidem</span> 
     </span>
     <span class='ocr_line' id='line_1_5' title="bbox 71 672 2017 742; baseline -0.002 -16"><span class='ocrx_word' id='word_1_30' title='bbox 71 690 138 726; x_wconf 82' lang='lat' dir='ltr'>ex</span> <span class='ocrx_word' id='word_1_31' title='bbox 175 672 418 726; x_wconf 87' lang='lat' dir='ltr'>versibus</span> <span class='ocrx_word' id='word_1_32' title='bbox 458 673 628 741; x_wconf 71' lang='lat' dir='ltr'>253s4,</span> <span class='ocrx_word' id='word_1_33' title='bbox 666 673 837 742; x_wconf 72' lang='lat' dir='ltr'>371s2,</span> <span class='ocrx_word' id='word_1_34' title='bbox 874 672 1026 741; x_wconf 82' lang='lat' dir='ltr'>655s6</span> <span class='ocrx_word' id='word_1_35' title='bbox 1066 673 1326 739; x_wconf 90' lang='lat' dir='ltr'>sequitur,</span> <span class='ocrx_word' id='word_1_36' title='bbox 1367 673 1411 724; x_wconf 90' lang='lat' dir='ltr'>si</span> <span class='ocrx_word' id='word_1_37' title='bbox 1441 672 1659 739; x_wconf 83' lang='lat' dir='ltr'>genuini</span> <span class='ocrx_word' id='word_1_38' title='bbox 1687 677 1830 737; x_wconf 87' lang='lat' dir='ltr'>sunt,</span> <span class='ocrx_word' id='word_1_39' title='bbox 1871 672 2017 739; x_wconf 93' lang='lat' dir='ltr'>quod</span> 
     </span>
     <span class='ocr_line' id='line_1_6' title="bbox 48 762 2016 832; baseline -0.001 -15"><span class='ocrx_word' id='word_1_40' title='bbox 48 763 321 831; x_wconf 82' lang='lat' dir='ltr'>equidem</span> <span class='ocrx_word' id='word_1_41' title='bbox 360 774 470 819; x_wconf 89' lang='lat' dir='ltr'>non</span> <span class='ocrx_word' id='word_1_42' title='bbox 509 763 698 817; x_wconf 92' lang='lat' dir='ltr'>dubito</span> <span class='ocrx_word' id='word_1_43' title='bbox 733 769 865 831; x_wconf 88' lang='lat' dir='ltr'>(qua</span> <span class='ocrx_word' id='word_1_44' title='bbox 903 763 970 815; x_wconf 92' lang='lat' dir='ltr'>de</span> <span class='ocrx_word' id='word_1_45' title='bbox 1010 781 1068 815; x_wconf 91' lang='lat' dir='ltr'>re</span> <span class='ocrx_word' id='word_1_46' title='bbox 1097 763 1284 832; x_wconf 84' lang='lat' dir='ltr'>infra).</span> <span class='ocrx_word' id='word_1_47' title='bbox 1359 762 1551 831; x_wconf 90' lang='lat' dir='ltr'>Neque</span> <span class='ocrx_word' id='word_1_48' title='bbox 1586 768 1668 815; x_wconf 92' lang='lat' dir='ltr'>est</span> <span class='ocrx_word' id='word_1_49' title='bbox 1704 781 1799 815; x_wconf 91' lang='lat' dir='ltr'>cur</span> <span class='ocrx_word' id='word_1_50' title='bbox 1834 780 2016 816; x_wconf 89' lang='lat' dir='ltr'>macu-</span> 
     </span>
     <span class='ocr_line' id='line_1_7' title="bbox 68 854 2017 923; baseline -0.001 -15"><span class='ocrx_word' id='word_1_51' title='bbox 68 855 184 908; x_wconf 20' lang='lat' dir='ltr'>lam.</span> <span class='ocrx_word' id='word_1_52' title='bbox 234 856 394 908; x_wconf 90' lang='lat' dir='ltr'>huius</span> <span class='ocrx_word' id='word_1_53' title='bbox 458 858 657 908; x_wconf 87' lang='lat' dir='ltr'>amoris</span> <span class='ocrx_word' id='word_1_54' title='bbox 729 857 874 907; x_wconf 91' lang='lat' dir='ltr'>omni</span> <span class='ocrx_word' id='word_1_55' title='bbox 943 873 1109 922; x_wconf 88' lang='lat' dir='ltr'>opera</span> <span class='ocrx_word' id='word_1_56' title='bbox 1171 854 1481 923; x_wconf 90' lang='lat' dir='ltr'>Theognidi</span> <span class='ocrx_word' id='word_1_57' title='bbox 1531 855 1754 908; x_wconf 84' lang='lat' dir='ltr'>abluere</span> <span class='ocrx_word' id='word_1_58' title='bbox 1810 855 2017 907; x_wconf 86' lang='lat' dir='ltr'>labore-</span> 
     </span>
     <span class='ocr_line' id='line_1_8' title="bbox 70 946 2053 1014; baseline -0.001 -14"><span class='ocrx_word' id='word_1_59' title='bbox 70 954 388 1013; x_wconf 74' lang='lat' dir='ltr'>mus,&#39;cum</span> <span class='ocrx_word' id='word_1_60' title='bbox 444 947 609 999; x_wconf 87' lang='lat' dir='ltr'>etiam</span> <span class='ocrx_word' id='word_1_61' title='bbox 655 946 788 999; x_wconf 87' lang='lat' dir='ltr'>alios</span> <span class='ocrx_word' id='word_1_62' title='bbox 839 951 1030 1014; x_wconf 87' lang='lat' dir='ltr'>poetas</span> <span class='ocrx_word' id='word_1_63' title='bbox 1076 946 1320 999; x_wconf 84' lang='lat' dir='ltr'>Graecos</span> <span class='ocrx_word' id='word_1_64' title='bbox 1359 951 1568 1008; x_wconf 85' lang='lat' dir='ltr'>veteres</span> <span class='ocrx_word' id='word_1_65' title='bbox 1602 946 1770 999; x_wconf 91' lang='lat' dir='ltr'>libere</span> <span class='ocrx_word' id='word_1_66' title='bbox 1810 951 1864 999; x_wconf 90' lang='lat' dir='ltr'>et</span> <span class='ocrx_word' id='word_1_67' title='bbox 1903 947 2017 998; x_wconf 90' lang='lat' dir='ltr'>sine</span> <span class='ocrx_word' id='word_1_68' title='bbox 2051 985 2053 987; x_wconf 85' lang='lat'><em>-</em></span> 
     </span>
     <span class='ocr_line' id='line_1_9' title="bbox 71 1037 2019 1106; baseline 0 -16"><span class='ocrx_word' id='word_1_69' title='bbox 71 1038 395 1091; x_wconf 87' lang='lat' dir='ltr'>verecundia</span> <span class='ocrx_word' id='word_1_70' title='bbox 425 1038 642 1091; x_wconf 80' lang='grc' dir='ltr'><em>παιδικά</em></span> <span class='ocrx_word' id='word_1_71' title='bbox 679 1056 779 1090; x_wconf 88' lang='lat' dir='ltr'>sua</span> <span class='ocrx_word' id='word_1_72' title='bbox 817 1037 1092 1091; x_wconf 89' lang='lat' dir='ltr'>celebrare</span> <span class='ocrx_word' id='word_1_73' title='bbox 1129 1038 1519 1106; x_wconf 89' lang='lat' dir='ltr'>libidinemque</span> <span class='ocrx_word' id='word_1_74' title='bbox 1555 1037 1807 1105; x_wconf 91' lang='lat' dir='ltr'>profiteri</span> <span class='ocrx_word' id='word_1_75' title='bbox 1841 1037 2019 1090; x_wconf 87' lang='lat' dir='ltr'>videa-</span> 
     </span>
     <span class='ocr_line' id='line_1_10' title="bbox 74 1127 2027 1195; baseline -0.001 -13"><span class='ocrx_word' id='word_1_76' title='bbox 74 1146 207 1182; x_wconf 91' lang='lat' dir='ltr'>mus.</span> <span class='ocrx_word' id='word_1_77' title='bbox 283 1129 523 1182; x_wconf 85' lang='lat' dir='ltr'>Nomine</span> <span class='ocrx_word' id='word_1_78' title='bbox 560 1130 844 1192; x_wconf 81' lang='lat' dir='ltr'>Alcaeum,</span> <span class='ocrx_word' id='word_1_79' title='bbox 895 1129 1276 1182; x_wconf 89' lang='lat' dir='ltr'>Mimnermum</span> <span class='ocrx_word' id='word_1_80' title='bbox 1316 1133 1370 1181; x_wconf 92' lang='lat' dir='ltr'>et</span> <span class='ocrx_word' id='word_1_81' title='bbox 1409 1130 1827 1195; x_wconf 86' lang='lat' dir='ltr'>Anacreontem,</span> <span class='ocrx_word' id='word_1_82' title='bbox 1866 1127 2027 1182; x_wconf 72' lang='lat' dir='ltr'>Solo·</span> 
     </span>
     <span class='ocr_line' id='line_1_11' title="bbox 70 1219 2019 1296; baseline -0.001 -23"><span class='ocrx_word' id='word_1_83' title='bbox 70 1238 222 1287; x_wconf 88' lang='lat' dir='ltr'>nem,</span> <span class='ocrx_word' id='word_1_84' title='bbox 274 1221 500 1289; x_wconf 84' lang='lat' dir='ltr'>Ibycum</span> <span class='ocrx_word' id='word_1_85' title='bbox 521 1222 576 1286; x_wconf 79' lang='lat'>2).</span> <span class='ocrx_word' id='word_1_86' title='bbox 659 1222 846 1288; x_wconf 84' lang='lat' dir='ltr'>Atque</span> <span class='ocrx_word' id='word_1_87' title='bbox 885 1221 1124 1296; x_wconf 83' lang='lat' dir='ltr'>Megaris</span> <span class='ocrx_word' id='word_1_88' title='bbox 1163 1220 1399 1288; x_wconf 90' lang='lat' dir='ltr'>quidem,</span> <span class='ocrx_word' id='word_1_89' title='bbox 1440 1221 1501 1272; x_wconf 55' lang='lat' dir='ltr'>&gt;id</span> <span class='ocrx_word' id='word_1_90' title='bbox 1544 1220 1692 1288; x_wconf 91' lang='lat' dir='ltr'>quod</span> <span class='ocrx_word' id='word_1_91' title='bbox 1739 1219 1810 1272; x_wconf 90' lang='lat' dir='ltr'>ad</span> <span class='ocrx_word' id='word_1_92' title='bbox 1846 1219 2019 1272; x_wconf 90' lang='lat' dir='ltr'>Theo-</span> 
     </span>
     <span class='ocr_line' id='line_1_12' title="bbox 0 1311 2020 1380; baseline -0.001 -15"><span class='ocrx_word' id='word_1_93' title='bbox 0 1353 1 1359; x_wconf 65' lang='lat'>,</span> <span class='ocrx_word' id='word_1_94' title='bbox 73 1311 292 1380; x_wconf 86' lang='lat' dir='ltr'>guidem</span> <span class='ocrx_word' id='word_1_95' title='bbox 329 1314 515 1379; x_wconf 90' lang='lat' dir='ltr'>magni</span> <span class='ocrx_word' id='word_1_96' title='bbox 551 1313 743 1380; x_wconf 89' lang='lat' dir='ltr'>refert,</span> <span class='ocrx_word' id='word_1_97' title='bbox 797 1330 901 1380; x_wconf 93' lang='lat' dir='ltr'>quo</span> <span class='ocrx_word' id='word_1_98' title='bbox 957 1329 1131 1380; x_wconf 88' lang='lat' dir='ltr'>paene</span> <span class='ocrx_word' id='word_1_99' title='bbox 1169 1313 1224 1363; x_wconf 91' lang='lat' dir='ltr'>in</span> <span class='ocrx_word' id='word_1_100' title='bbox 1269 1311 1477 1365; x_wconf 86' lang='lat' dir='ltr'>honore</span> <span class='ocrx_word' id='word_1_101' title='bbox 1535 1329 1686 1364; x_wconf 89' lang='lat' dir='ltr'>amor</span> <span class='ocrx_word' id='word_1_102' title='bbox 1730 1329 2020 1379; x_wconf 90' lang='lat' dir='ltr'>puerorum</span> 
     </span>
     <span class='ocr_line' id='line_1_13' title="bbox 73 1391 2041 1475; baseline -0.001 -19"><span class='ocrx_word' id='word_1_103' title='bbox 73 1402 279 1470; x_wconf 76' lang='lat' dir='ltr'>fuerit,</span> <span class='ocrx_word' id='word_1_104' title='bbox 314 1403 475 1458; x_wconf 90' lang='lat' dir='ltr'>docet</span> <span class='ocrx_word' id='word_1_105' title='bbox 510 1404 795 1459; x_wconf 74' lang='lat' dir='ltr'>Theocriti</span> <span class='ocrx_word' id='word_1_106' title='bbox 832 1403 1001 1475; x_wconf 76' lang='grc' dir='ltr'><strong><em>Ἀϊτης</em></strong></span> <span class='ocrx_word' id='word_1_107' title='bbox 1031 1423 1110 1458; x_wconf 89' lang='lat' dir='ltr'>vv.</span> <span class='ocrx_word' id='word_1_108' title='bbox 1144 1407 1209 1455; x_wconf 81' lang='lat'>27</span> <span class='ocrx_word' id='word_1_109' title='bbox 1232 1403 1420 1472; x_wconf 80' lang='lat' dir='ltr'>sqq.3).</span> <span class='ocrx_word' id='word_1_110' title='bbox 1497 1391 1840 1471; x_wconf 77' lang='lat' dir='ltr'>Quamquam</span> <span class='ocrx_word' id='word_1_111' title='bbox 1880 1404 2041 1463; x_wconf 52' lang='lat' dir='ltr'>hanc,</span> 
     </span>
     <span class='ocr_line' id='line_1_14' title="bbox 74 1493 2022 1564; baseline -0.001 -16"><span class='ocrx_word' id='word_1_112' title='bbox 74 1495 522 1550; x_wconf 84' lang='lat' dir='ltr'>consuetudinem</span> <span class='ocrx_word' id='word_1_113' title='bbox 555 1514 695 1564; x_wconf 88' lang='lat' dir='ltr'>quae</span> <span class='ocrx_word' id='word_1_114' title='bbox 732 1498 874 1550; x_wconf 89' lang='lat' dir='ltr'>inter</span> <span class='ocrx_word' id='word_1_115' title='bbox 914 1495 1289 1563; x_wconf 86' lang='lat' dir='ltr'>Theognidem</span> <span class='ocrx_word' id='word_1_116' title='bbox 1334 1499 1388 1547; x_wconf 90' lang='lat' dir='ltr'>et</span> <span class='ocrx_word' id='word_1_117' title='bbox 1428 1493 1668 1563; x_wconf 83' lang='lat' dir='ltr'>Cyrnum</span> <span class='ocrx_word' id='word_1_118' title='bbox 1707 1495 2022 1548; x_wconf 86' lang='lat' dir='ltr'>intercesse-</span> 
     </span>
     <span class='ocr_line' id='line_1_15' title="bbox 72 1586 2023 1656; baseline -0.001 -16"><span class='ocrx_word' id='word_1_119' title='bbox 72 1588 172 1655; x_wconf 87' lang='lat' dir='ltr'>rit,</span> <span class='ocrx_word' id='word_1_120' title='bbox 223 1605 292 1641; x_wconf 90' lang='lat' dir='ltr'>ne</span> <span class='ocrx_word' id='word_1_121' title='bbox 319 1589 619 1655; x_wconf 74' lang='lat' dir='ltr'>putaveris</span> <span class='ocrx_word' id='word_1_122' title='bbox 676 1588 814 1641; x_wconf 90' lang='lat' dir='ltr'>adeo</span> <span class='ocrx_word' id='word_1_123' title='bbox 864 1593 1078 1656; x_wconf 88' lang='lat' dir='ltr'>turpem</span> <span class='ocrx_word' id='word_1_124' title='bbox 1126 1591 1223 1639; x_wconf 91' lang='lat' dir='ltr'>aut</span> <span class='ocrx_word' id='word_1_125' title='bbox 1271 1586 1596 1639; x_wconf 86' lang='lat' dir='ltr'>obscaenam</span> <span class='ocrx_word' id='word_1_126' title='bbox 1643 1586 1828 1646; x_wconf 84' lang='lat' dir='ltr'>fuisse.</span> <span class='ocrx_word' id='word_1_127' title='bbox 1917 1586 2023 1644; x_wconf 87' lang='lat' dir='ltr'>Est</span> 
     </span>
     <span class='ocr_line' id='line_1_16' title="bbox 74 1675 2048 1748; baseline -0.003 -15"><span class='ocrx_word' id='word_1_128' title='bbox 74 1680 260 1748; x_wconf 84' lang='lat' dir='ltr'>potius</span> <span class='ocrx_word' id='word_1_129' title='bbox 313 1679 446 1747; x_wconf 76' lang='grc' dir='ltr'><em>ἔρως</em></span> <span class='ocrx_word' id='word_1_130' title='bbox 493 1679 587 1733; x_wconf 91' lang='grc'>1110</span> <span class='ocrx_word' id='word_1_131' title='bbox 628 1675 865 1748; x_wconf 74' lang='grc' dir='ltr'><em>οὐράνιος</em></span> <span class='ocrx_word' id='word_1_132' title='bbox 901 1678 1180 1743; x_wconf 80' lang='lat' dir='ltr'>Platonis,</span> <span class='ocrx_word' id='word_1_133' title='bbox 1236 1676 1508 1745; x_wconf 83' lang='lat' dir='ltr'>cupiditas</span> <span class='ocrx_word' id='word_1_134' title='bbox 1553 1677 1770 1730; x_wconf 89' lang='lat' dir='ltr'>virtutis</span> <span class='ocrx_word' id='word_1_135' title='bbox 1827 1678 2048 1730; x_wconf 84' lang='lat' dir='ltr'>animis.</span> 
     </span>
     <span class='ocr_line' id='line_1_17' title="bbox 74 1770 2024 1838; baseline 0 -15"><span class='ocrx_word' id='word_1_136' title='bbox 74 1770 505 1824; x_wconf 86' lang='lat' dir='ltr'>adolescentium</span> <span class='ocrx_word' id='word_1_137' title='bbox 540 1788 924 1837; x_wconf 80' lang='lat' dir='ltr'>gener-osorum</span> <span class='ocrx_word' id='word_1_138' title='bbox 957 1770 1300 1836; x_wconf 81' lang='lat' dir='ltr'>inserendae,</span> <span class='ocrx_word' id='word_1_139' title='bbox 1340 1772 1491 1821; x_wconf 88' lang='lat' dir='ltr'>cuius</span> <span class='ocrx_word' id='word_1_140' title='bbox 1525 1772 1723 1822; x_wconf 90' lang='lat' dir='ltr'>amoris</span> <span class='ocrx_word' id='word_1_141' title='bbox 1750 1770 2024 1838; x_wconf 81' lang='lat' dir='ltr'>exemplar</span> 
     </span>
     <span class='ocr_line' id='line_1_18' title="bbox 73 1861 2022 1931; baseline 0 -16"><span class='ocrx_word' id='word_1_142' title='bbox 73 1862 570 1931; x_wconf 86' lang='lat' dir='ltr'>praeclarissimum</span> <span class='ocrx_word' id='word_1_143' title='bbox 631 1863 686 1914; x_wconf 91' lang='lat' dir='ltr'>in</span> <span class='ocrx_word' id='word_1_144' title='bbox 733 1861 993 1916; x_wconf 80' lang='lat' dir='ltr'>Convivio</span> <span class='ocrx_word' id='word_1_145' title='bbox 1055 1862 1312 1916; x_wconf 82' lang='lat' dir='ltr'>Socrates</span> <span class='ocrx_word' id='word_1_146' title='bbox 1369 1861 1696 1928; x_wconf 86' lang='lat' dir='ltr'>depingitur.</span> <span class='ocrx_word' id='word_1_147' title='bbox 1781 1861 2022 1923; x_wconf 88' lang='lat' dir='ltr'>Idoneus</span> 
     </span>
     <span class='ocr_line' id='line_1_19' title="bbox 74 1950 2019 2023; baseline -0.002 -16"><span class='ocrx_word' id='word_1_148' title='bbox 74 1959 159 2007; x_wconf 89' lang='lat' dir='ltr'>est</span> <span class='ocrx_word' id='word_1_149' title='bbox 195 1955 504 2020; x_wconf 80' lang='lat' dir='ltr'>etiamquo</span> <span class='ocrx_word' id='word_1_150' title='bbox 544 1954 685 2006; x_wconf 91' lang='lat' dir='ltr'>ratio</span> <span class='ocrx_word' id='word_1_151' title='bbox 724 1954 821 2006; x_wconf 84' lang='lat' dir='ltr'>illa</span> <span class='ocrx_word' id='word_1_152' title='bbox 859 1971 998 2022; x_wconf 91' lang='lat' dir='ltr'>quae</span> <span class='ocrx_word' id='word_1_153' title='bbox 1026 1953 1345 2007; x_wconf 87' lang='lat' dir='ltr'>intercedat</span> <span class='ocrx_word' id='word_1_154' title='bbox 1375 1954 1516 2005; x_wconf 89' lang='lat' dir='ltr'>inter</span> <span class='ocrx_word' id='word_1_155' title='bbox 1552 1952 1766 2023; x_wconf 78' lang='grc' dir='ltr'><strong><em>ἐραστήν</em></strong></span> <span class='ocrx_word' id='word_1_156' title='bbox 1802 1957 1855 2005; x_wconf 91' lang='lat' dir='ltr'>et</span> <span class='ocrx_word' id='word_1_157' title='bbox 1892 1950 2019 2022; x_wconf 74' lang='grc' dir='ltr'><strong><em>ἐρώ-</em></strong></span> 
     </span>
     <span class='ocr_line' id='line_1_20' title="bbox 76 2043 2021 2114; baseline -0.004 -16"><span class='ocrx_word' id='word_1_158' title='bbox 76 2060 237 2114; x_wconf 78' lang='grc' dir='ltr'><strong><em>μενον</em></strong></span> <span class='ocrx_word' id='word_1_159' title='bbox 264 2046 502 2098; x_wconf 90' lang='lat' dir='ltr'>notionis</span> <span class='ocrx_word' id='word_1_160' title='bbox 538 2047 774 2113; x_wconf 82' lang='lat' dir='ltr'>optimae</span> <span class='ocrx_word' id='word_1_161' title='bbox 810 2045 1132 2112; x_wconf 85' lang='lat' dir='ltr'>illustretur,</span> <span class='ocrx_word' id='word_1_162' title='bbox 1163 2045 1315 2097; x_wconf 88' lang='lat' dir='ltr'>locus</span> <span class='ocrx_word' id='word_1_163' title='bbox 1353 2043 1633 2097; x_wconf 81' lang='lat' dir='ltr'>Theocriti</span> <span class='ocrx_word' id='word_1_164' title='bbox 1677 2047 1759 2109; x_wconf 86' lang='lat'>13,</span> <span class='ocrx_word' id='word_1_165' title='bbox 1796 2044 1909 2113; x_wconf 73' lang='lat'>84).</span> <span class='ocrx_word' id='word_1_166' title='bbox 1952 2075 2021 2091; x_wconf 82' lang='grc'>,-</span> 
     </span>
     <span class='ocr_line' id='line_1_21' title="bbox 75 2135 2024 2206; baseline -0.003 -15"><span class='ocrx_word' id='word_1_167' title='bbox 75 2137 332 2193; x_wconf 85' lang='lat' dir='ltr'>Ceterum</span> <span class='ocrx_word' id='word_1_168' title='bbox 383 2137 455 2189; x_wconf 91' lang='lat' dir='ltr'>ad</span> <span class='ocrx_word' id='word_1_169' title='bbox 515 2137 899 2190; x_wconf 85' lang='lat' dir='ltr'>illustrandum</span> <span class='ocrx_word' id='word_1_170' title='bbox 953 2137 1223 2206; x_wconf 91' lang='lat' dir='ltr'>quomodo</span> <span class='ocrx_word' id='word_1_171' title='bbox 1287 2135 1560 2202; x_wconf 80' lang='lat' dir='ltr'>Theognis</span> <span class='ocrx_word' id='word_1_172' title='bbox 1619 2152 1789 2202; x_wconf 90' lang='lat' dir='ltr'>puero</span> <span class='ocrx_word' id='word_1_173' title='bbox 1844 2140 2024 2196; x_wconf 81' lang='lat' dir='ltr'>amato</span> 
     </span>
     <span class='ocr_line' id='line_1_22' title="bbox 74 2227 2026 2297; baseline -0.002 -15"><span class='ocrx_word' id='word_1_174' title='bbox 74 2234 372 2297; x_wconf 81' lang='lat' dir='ltr'>praecepta</span> <span class='ocrx_word' id='word_1_175' title='bbox 397 2229 610 2282; x_wconf 88' lang='lat' dir='ltr'>dederit</span> <span class='ocrx_word' id='word_1_176' title='bbox 629 2230 884 2296; x_wconf 89' lang='lat' dir='ltr'>quodque</span> <span class='ocrx_word' id='word_1_177' title='bbox 904 2229 1069 2285; x_wconf 84' lang='lat' dir='ltr'>fuerit</span> <span class='ocrx_word' id='word_1_178' title='bbox 1094 2230 1232 2281; x_wconf 82' lang='lat' dir='ltr'>inter</span> <span class='ocrx_word' id='word_1_179' title='bbox 1258 2245 1348 2281; x_wconf 88' lang='grc'>008</span> <span class='ocrx_word' id='word_1_180' title='bbox 1377 2227 1777 2294; x_wconf 84' lang='lat' dir='ltr'>commercium,</span> <span class='ocrx_word' id='word_1_181' title='bbox 1808 2233 2026 2294; x_wconf 89' lang='lat' dir='ltr'>praeter</span> 
     </span>
     <span class='ocr_line' id='line_1_23' title="bbox 75 2319 2026 2388; baseline -0.002 -15"><span class='ocrx_word' id='word_1_182' title='bbox 75 2337 260 2373; x_wconf 88' lang='lat' dir='ltr'>omnes</span> <span class='ocrx_word' id='word_1_183' title='bbox 299 2321 416 2388; x_wconf 89' lang='lat' dir='ltr'>apti</span> <span class='ocrx_word' id='word_1_184' title='bbox 452 2326 580 2373; x_wconf 89' lang='lat' dir='ltr'>sunt</span> <span class='ocrx_word' id='word_1_185' title='bbox 601 2337 786 2373; x_wconf 84' lang='lat' dir='ltr'>versus</span> <span class='ocrx_word' id='word_1_186' title='bbox 812 2320 938 2373; x_wconf 86' lang='lat' dir='ltr'>inde</span> <span class='ocrx_word' id='word_1_187' title='bbox 969 2338 1002 2372; x_wconf 90' lang='lat' dir='ltr'>a</span> <span class='ocrx_word' id='word_1_188' title='bbox 1039 2323 1173 2373; x_wconf 87' lang='lat'>1049</span> <span class='ocrx_word' id='word_1_189' title='bbox 1212 2336 1384 2388; x_wconf 91' lang='lat' dir='ltr'>usque</span> <span class='ocrx_word' id='word_1_190' title='bbox 1410 2319 1482 2370; x_wconf 91' lang='lat' dir='ltr'>ad</span> <span class='ocrx_word' id='word_1_191' title='bbox 1514 2322 1666 2383; x_wconf 84' lang='lat'>1058,</span> <span class='ocrx_word' id='word_1_192' title='bbox 1706 2337 1843 2386; x_wconf 91' lang='lat' dir='ltr'>quos</span> <span class='ocrx_word' id='word_1_193' title='bbox 1882 2320 2026 2372; x_wconf 87' lang='lat' dir='ltr'>inter</span> 
     </span>
     <span class='ocr_line' id='line_1_24' title="bbox 79 2411 1324 2480; baseline -0.003 -15"><span class='ocrx_word' id='word_1_194' title='bbox 79 2430 136 2465; x_wconf 91' lang='lat' dir='ltr'>se</span> <span class='ocrx_word' id='word_1_195' title='bbox 169 2413 584 2480; x_wconf 78' lang='lat' dir='ltr'>coniungendos</span> <span class='ocrx_word' id='word_1_196' title='bbox 623 2430 740 2466; x_wconf 85' lang='lat' dir='ltr'>esse</span> <span class='ocrx_word' id='word_1_197' title='bbox 775 2429 1095 2479; x_wconf 89' lang='lat' dir='ltr'>persuasum</span> <span class='ocrx_word' id='word_1_198' title='bbox 1124 2411 1324 2467; x_wconf 89' lang='lat' dir='ltr'>habeo.</span> 
     </span>
    </p>

    <p class='ocr_par' dir='ltr' id='par_1_3' title="bbox 77 2502 2026 2664">
     <span class='ocr_line' id='line_1_25' title="bbox 214 2502 2023 2576; baseline -0.002 -20"><span class='ocrx_word' id='word_1_199' title='bbox 214 2503 328 2576; x_wconf 78' lang='lat' dir='ltr'>Sed</span> <span class='ocrx_word' id='word_1_200' title='bbox 371 2505 479 2557; x_wconf 90' lang='lat' dir='ltr'>iam</span> <span class='ocrx_word' id='word_1_201' title='bbox 531 2505 662 2557; x_wconf 89' lang='lat' dir='ltr'>satis</span> <span class='ocrx_word' id='word_1_202' title='bbox 705 2504 877 2557; x_wconf 91' lang='lat' dir='ltr'>multa</span> <span class='ocrx_word' id='word_1_203' title='bbox 925 2505 991 2557; x_wconf 90' lang='lat' dir='ltr'>de</span> <span class='ocrx_word' id='word_1_204' title='bbox 1027 2523 1113 2558; x_wconf 88' lang='lat' dir='ltr'>re:</span> <span class='ocrx_word' id='word_1_205' title='bbox 1162 2503 1441 2556; x_wconf 84' lang='lat' dir='ltr'>videamus</span> <span class='ocrx_word' id='word_1_206' title='bbox 1475 2502 1610 2569; x_wconf 36' lang='lat' dir='ltr'>‚quid</span> <span class='ocrx_word' id='word_1_207' title='bbox 1649 2519 1727 2555; x_wconf 85' lang='lat' dir='ltr'>ex·</span> <span class='ocrx_word' id='word_1_208' title='bbox 1758 2503 1834 2554; x_wconf 86' lang='lat' dir='ltr'>eis</span> <span class='ocrx_word' id='word_1_209' title='bbox 1884 2518 2023 2569; x_wconf 84' lang='lat' dir='ltr'>quae</span> 
     </span>
     <span class='ocr_line' id='line_1_26' title="bbox 77 2594 2026 2664; baseline -0.002 -16"><span class='ocrx_word' id='word_1_210' title='bbox 77 2596 470 2664; x_wconf 81' lang='lat' dir='ltr'>disputavimus</span> <span class='ocrx_word' id='word_1_211' title='bbox 508 2601 784 2664; x_wconf 88' lang='lat' dir='ltr'>sequatur.</span> <span class='ocrx_word' id='word_1_212' title='bbox 843 2595 1000 2650; x_wconf 87' lang='lat' dir='ltr'>Nihil</span> <span class='ocrx_word' id='word_1_213' title='bbox 1033 2595 1182 2648; x_wconf 90' lang='lat' dir='ltr'>aliud</span> <span class='ocrx_word' id='word_1_214' title='bbox 1210 2595 1316 2647; x_wconf 91' lang='lat' dir='ltr'>nisi</span> <span class='ocrx_word' id='word_1_215' title='bbox 1354 2594 1755 2661; x_wconf 20' lang='lat' dir='ltr'>hom-carmina</span> <span class='ocrx_word' id='word_1_216' title='bbox 1789 2611 1855 2645; x_wconf 89' lang='lat' dir='ltr'>ea</span> <span class='ocrx_word' id='word_1_217' title='bbox 1887 2610 2026 2660; x_wconf 90' lang='lat' dir='ltr'>quae</span> 
     </span>
    </p>
   </div>
   <div class='ocr_carea' id='block_1_3' title="bbox 76 2713 414 2720">
    <p class='ocr_par' dir='ltr' id='par_1_4' title="bbox 76 2713 414 2720">
     <span class='ocr_line' id='line_1_27' title="bbox 76 2713 414 2720; baseline 0 1388"><span class='ocrx_word' id='word_1_218' title='bbox 76 2713 414 2720; x_wconf 95' lang='lat' dir='ltr'> </span> 
     </span>
    </p>
   </div>
   <div class='ocr_carea' id='block_1_4' title="bbox 79 2779 2028 3064">
    <p class='ocr_par' dir='ltr' id='par_1_5' title="bbox 225 2779 1010 2836">
     <span class='ocr_line' id='line_1_28' title="bbox 225 2779 1010 2836; baseline -0.001 -13"><span class='ocrx_word' id='word_1_219' title='bbox 225 2780 259 2836; x_wconf 93' lang='lat'>¹)</span> <span class='ocrx_word' id='word_1_220' title='bbox 290 2779 368 2824; x_wconf 88' lang='lat' dir='ltr'>Sic</span> <span class='ocrx_word' id='word_1_221' title='bbox 398 2780 490 2822; x_wconf 84' lang='lat' dir='ltr'>iam</span> <span class='ocrx_word' id='word_1_222' title='bbox 520 2779 846 2823; x_wconf 85' lang='lat' dir='ltr'>Schneidewin</span> <span class='ocrx_word' id='word_1_223' title='bbox 874 2794 919 2835; x_wconf 92' lang='lat' dir='ltr'>p.</span> <span class='ocrx_word' id='word_1_224' title='bbox 940 2781 1010 2822; x_wconf 90' lang='grc'>47.</span> 
     </span>
    </p>

    <p class='ocr_par' dir='ltr' id='par_1_6' title="bbox 79 2858 2028 3064">
     <span class='ocr_line' id='line_1_29' title="bbox 220 2858 2028 2920; baseline -0.003 -12"><span class='ocrx_word' id='word_1_225' title='bbox 220 2864 259 2920; x_wconf 72' lang='lat'>²)</span> <span class='ocrx_word' id='word_1_226' title='bbox 291 2863 360 2908; x_wconf 81' lang='lat' dir='ltr'>Cf.</span> <span class='ocrx_word' id='word_1_227' title='bbox 404 2864 498 2907; x_wconf 89' lang='grc'>010.</span> <span class='ocrx_word' id='word_1_228' title='bbox 538 2863 671 2907; x_wconf 85' lang='grc' dir='ltr'>Τ1180.</span> <span class='ocrx_word' id='word_1_229' title='bbox 702 2863 775 2907; x_wconf 83' lang='lat' dir='ltr'>IV</span> <span class='ocrx_word' id='word_1_230' title='bbox 804 2865 884 2916; x_wconf 88' lang='lat'>33,</span> <span class='ocrx_word' id='word_1_231' title='bbox 925 2864 992 2907; x_wconf 88' lang='lat'>71.</span> <span class='ocrx_word' id='word_1_232' title='bbox 1062 2862 1202 2907; x_wconf 88' lang='lat' dir='ltr'>Adde</span> <span class='ocrx_word' id='word_1_233' title='bbox 1253 2862 1377 2918; x_wconf 90' lang='lat' dir='ltr'>quod</span> <span class='ocrx_word' id='word_1_234' title='bbox 1417 2858 1616 2904; x_wconf 86' lang='lat' dir='ltr'>Horatio</span> <span class='ocrx_word' id='word_1_235' title='bbox 1657 2862 1706 2904; x_wconf 89' lang='lat' dir='ltr'>in</span> <span class='ocrx_word' id='word_1_236' title='bbox 1747 2860 2028 2904; x_wconf 89' lang='lat' dir='ltr'>carminibus</span> 
     </span>
     <span class='ocr_line' id='line_1_30' title="bbox 79 2930 2028 2993; baseline -0.003 -14"><span class='ocrx_word' id='word_1_237' title='bbox 79 2934 409 2993; x_wconf 87' lang='lat' dir='ltr'>componendis</span> <span class='ocrx_word' id='word_1_238' title='bbox 451 2934 528 2977; x_wconf 91' lang='lat' dir='ltr'>ubi</span> <span class='ocrx_word' id='word_1_239' title='bbox 572 2949 707 2990; x_wconf 86' lang='lat' dir='ltr'>saepe</span> <span class='ocrx_word' id='word_1_240' title='bbox 748 2935 804 2978; x_wconf 87' lang='lat' dir='ltr'>de</span> <span class='ocrx_word' id='word_1_241' title='bbox 845 2934 1000 2990; x_wconf 88' lang='lat' dir='ltr'>pueris</span> <span class='ocrx_word' id='word_1_242' title='bbox 1040 2933 1245 2990; x_wconf 89' lang='lat' dir='ltr'>pulchris</span> <span class='ocrx_word' id='word_1_243' title='bbox 1284 2947 1433 2976; x_wconf 89' lang='lat' dir='ltr'>sermo</span> <span class='ocrx_word' id='word_1_244' title='bbox 1465 2933 1530 2986; x_wconf 91' lang='lat' dir='ltr'>fit,</span> <span class='ocrx_word' id='word_1_245' title='bbox 1572 2932 1791 2975; x_wconf 87' lang='lat' dir='ltr'>Alcaeum</span> <span class='ocrx_word' id='word_1_246' title='bbox 1823 2934 1871 2974; x_wconf 92' lang='lat' dir='ltr'>et</span> <span class='ocrx_word' id='word_1_247' title='bbox 1901 2930 2028 2974; x_wconf 89' lang='lat' dir='ltr'>Ana-</span> 
     </span>
     <span class='ocr_line' id='line_1_31' title="bbox 81 2996 2028 3064; baseline -0.003 -15"><span class='ocrx_word' id='word_1_248' title='bbox 81 3008 313 3049; x_wconf 83' lang='lat' dir='ltr'>creontem</span> <span class='ocrx_word' id='word_1_249' title='bbox 343 2996 553 3060; x_wconf 85' lang='lat' dir='ltr'>exemplo</span> <span class='ocrx_word' id='word_1_250' title='bbox 585 3005 725 3048; x_wconf 88' lang='lat' dir='ltr'>fuisse</span> <span class='ocrx_word' id='word_1_251' title='bbox 756 3009 932 3064; x_wconf 88' lang='lat' dir='ltr'>certum</span> <span class='ocrx_word' id='word_1_252' title='bbox 963 3008 1044 3049; x_wconf 88' lang='lat' dir='ltr'>est.</span> <span class='ocrx_word' id='word_1_253' title='bbox 1096 3004 1214 3048; x_wconf 88' lang='lat' dir='ltr'>Vide</span> <span class='ocrx_word' id='word_1_254' title='bbox 1245 3005 1385 3047; x_wconf 87' lang='lat' dir='ltr'>etiam</span> <span class='ocrx_word' id='word_1_255' title='bbox 1416 3003 1675 3060; x_wconf 90' lang='lat' dir='ltr'>fragmenta</span> <span class='ocrx_word' id='word_1_256' title='bbox 1704 3003 1888 3046; x_wconf 89' lang='lat' dir='ltr'>illorum</span> <span class='ocrx_word' id='word_1_257' title='bbox 1920 3015 2028 3058; x_wconf 91' lang='lat' dir='ltr'>poe-</span> 
     </span>
    </p>
   </div>
   <div class='ocr_carea' id='block_1_5' title="bbox 81 3073 2027 3202">
    <p class='ocr_par' dir='ltr' id='par_1_7' title="bbox 81 3073 2027 3202">
     <span class='ocr_line' id='line_1_32' title="bbox 81 3073 2027 3130; baseline -0.002 -11"><span class='ocrx_word' id='word_1_258' title='bbox 81 3079 255 3130; x_wconf 89' lang='lat' dir='ltr'>tarum,</span> <span class='ocrx_word' id='word_1_259' title='bbox 295 3079 348 3119; x_wconf 93' lang='lat' dir='ltr'>ut</span> <span class='ocrx_word' id='word_1_260' title='bbox 392 3077 564 3119; x_wconf 87' lang='lat' dir='ltr'>Anacr.</span> <span class='ocrx_word' id='word_1_261' title='bbox 595 3078 729 3130; x_wconf 81' lang='grc'><strong>2-4,</strong></span> <span class='ocrx_word' id='word_1_262' title='bbox 759 3079 841 3130; x_wconf 83' lang='grc'>24,</span> <span class='ocrx_word' id='word_1_263' title='bbox 871 3076 949 3125; x_wconf 85' lang='grc'>45,</span> <span class='ocrx_word' id='word_1_264' title='bbox 981 3077 1059 3130; x_wconf 85' lang='grc'>66;</span> <span class='ocrx_word' id='word_1_265' title='bbox 1102 3074 1283 3119; x_wconf 87' lang='lat' dir='ltr'>Solonis</span> <span class='ocrx_word' id='word_1_266' title='bbox 1313 3075 1495 3117; x_wconf 81' lang='lat'>24—26.</span> <span class='ocrx_word' id='word_1_267' title='bbox 1567 3073 1637 3117; x_wconf 85' lang='lat' dir='ltr'>Of.</span> <span class='ocrx_word' id='word_1_268' title='bbox 1675 3074 1724 3116; x_wconf 91' lang='lat' dir='ltr'>in</span> <span class='ocrx_word' id='word_1_269' title='bbox 1761 3073 2027 3116; x_wconf 88' lang='lat' dir='ltr'>universum</span> 
     </span>
     <span class='ocr_line' id='line_1_33' title="bbox 82 3145 1387 3202; baseline -0.003 -11"><span class='ocrx_word' id='word_1_270' title='bbox 82 3146 451 3192; x_wconf 82' lang='lat' dir='ltr'>Herwerdenum</span> <span class='ocrx_word' id='word_1_271' title='bbox 479 3146 903 3190; x_wconf 79' lang='lat' dir='ltr'>animadversiones</span> <span class='ocrx_word' id='word_1_272' title='bbox 932 3145 991 3188; x_wconf 87' lang='lat' dir='ltr'>ad</span> <span class='ocrx_word' id='word_1_273' title='bbox 1020 3145 1226 3202; x_wconf 87' lang='lat' dir='ltr'>Theogn.</span> <span class='ocrx_word' id='word_1_274' title='bbox 1257 3160 1301 3201; x_wconf 90' lang='lat' dir='ltr'>p.</span> <span class='ocrx_word' id='word_1_275' title='bbox 1321 3146 1387 3188; x_wconf 87' lang='lat'>16.</span> 
     </span>
    </p>
   </div>
   <div class='ocr_carea' id='block_1_6' title="bbox 83 3226 2028 3358">
    <p class='ocr_par' dir='ltr' id='par_1_8' title="bbox 83 3226 2028 3358">
     <span class='ocr_line' id='line_1_34' title="bbox 225 3226 2028 3288; baseline -0.003 -13"><span class='ocrx_word' id='word_1_276' title='bbox 225 3231 260 3288; x_wconf 78' lang='lat'>³)</span> <span class='ocrx_word' id='word_1_277' title='bbox 292 3232 398 3275; x_wconf 90' lang='lat' dir='ltr'>Hoc</span> <span class='ocrx_word' id='word_1_278' title='bbox 428 3234 556 3275; x_wconf 89' lang='lat' dir='ltr'>recte</span> <span class='ocrx_word' id='word_1_279' title='bbox 586 3235 746 3274; x_wconf 89' lang='lat' dir='ltr'>monet</span> <span class='ocrx_word' id='word_1_280' title='bbox 763 3231 921 3274; x_wconf 87' lang='lat' dir='ltr'>Christ</span> <span class='ocrx_word' id='word_1_281' title='bbox 946 3230 1125 3277; x_wconf 74' lang='lat' dir='ltr'>Griech.</span> <span class='ocrx_word' id='word_1_282' title='bbox 1146 3228 1581 3286; x_wconf 57' lang='lat' dir='ltr'>Litteraturyeschss</span> <span class='ocrx_word' id='word_1_283' title='bbox 1611 3243 1654 3284; x_wconf 90' lang='lat' dir='ltr'>p.</span> <span class='ocrx_word' id='word_1_284' title='bbox 1682 3229 1764 3271; x_wconf 88' lang='lat'>114</span> <span class='ocrx_word' id='word_1_285' title='bbox 1793 3242 1831 3271; x_wconf 91' lang='lat' dir='ltr'>c.</span> <span class='ocrx_word' id='word_1_286' title='bbox 1863 3226 1966 3270; x_wconf 87' lang='lat' dir='ltr'>adn.</span> <span class='ocrx_word' id='word_1_287' title='bbox 1989 3229 2028 3278; x_wconf 89' lang='lat'>7,</span> 
     </span>
     <span class='ocr_line' id='line_1_35' title="bbox 83 3301 1030 3358; baseline -0.003 -12"><span class='ocrx_word' id='word_1_288' title='bbox 83 3303 164 3357; x_wconf 86' lang='lat' dir='ltr'>qui</span> <span class='ocrx_word' id='word_1_289' title='bbox 193 3302 250 3346; x_wconf 92' lang='lat' dir='ltr'>de</span> <span class='ocrx_word' id='word_1_290' title='bbox 279 3305 399 3346; x_wconf 89' lang='lat' dir='ltr'>tota</span> <span class='ocrx_word' id='word_1_291' title='bbox 410 3303 678 3358; x_wconf 84' lang='lat' dir='ltr'>quaestione</span> <span class='ocrx_word' id='word_1_292' title='bbox 707 3316 814 3346; x_wconf 88' lang='lat' dir='ltr'>vere</span> <span class='ocrx_word' id='word_1_293' title='bbox 842 3301 1030 3345; x_wconf 80' lang='lat' dir='ltr'>iudicat.</span> 
     </span>
    </p>
   </div>
   <div class='ocr_carea' id='block_1_7' title="bbox 85 3382 2031 3585">
    <p class='ocr_par' dir='ltr' id='par_1_9' title="bbox 85 3382 2031 3585">
     <span class='ocr_line' id='line_1_36' title="bbox 188 3382 2031 3443; baseline -0.004 -11.849"><span class='ocrx_word' id='word_1_294' title='bbox 188 3387 266 3442; x_wconf 66' lang='lat'>⁴²)</span> <span class='ocrx_word' id='word_1_295' title='bbox 292 3386 447 3441; x_wconf 79' lang='lat' dir='ltr'>Quem</span> <span class='ocrx_word' id='word_1_296' title='bbox 478 3390 754 3443; x_wconf 85' lang='lat' dir='ltr'>comparant</span> <span class='ocrx_word' id='word_1_297' title='bbox 783 3385 988 3430; x_wconf 86' lang='lat' dir='ltr'>Leutsch</span> <span class='ocrx_word' id='word_1_298' title='bbox 1017 3386 1066 3428; x_wconf 89' lang='lat' dir='ltr'>in</span> <span class='ocrx_word' id='word_1_299' title='bbox 1087 3385 1253 3430; x_wconf 88' lang='lat' dir='ltr'>Philol.</span> <span class='ocrx_word' id='word_1_300' title='bbox 1273 3383 1416 3427; x_wconf 91' lang='lat' dir='ltr'>XXX</span> <span class='ocrx_word' id='word_1_301' title='bbox 1444 3398 1489 3440; x_wconf 91' lang='lat' dir='ltr'>p.</span> <span class='ocrx_word' id='word_1_302' title='bbox 1511 3385 1596 3427; x_wconf 81' lang='lat'>227</span> <span class='ocrx_word' id='word_1_303' title='bbox 1625 3386 1672 3426; x_wconf 92' lang='lat' dir='ltr'>et</span> <span class='ocrx_word' id='word_1_304' title='bbox 1702 3382 1856 3438; x_wconf 86' lang='lat' dir='ltr'>Bergk</span> <span class='ocrx_word' id='word_1_305' title='bbox 1885 3396 1929 3437; x_wconf 92' lang='lat' dir='ltr'>p.</span> <span class='ocrx_word' id='word_1_306' title='bbox 1946 3382 2031 3424; x_wconf 83' lang='lat'>320</span> 
     </span>
     <span class='ocr_line' id='line_1_37' title="bbox 85 3452 2031 3514; baseline -0.003 -14"><span class='ocrx_word' id='word_1_307' title='bbox 85 3456 190 3500; x_wconf 82' lang='lat' dir='ltr'>adn.</span> <span class='ocrx_word' id='word_1_308' title='bbox 210 3459 288 3511; x_wconf 91' lang='grc'>86,</span> <span class='ocrx_word' id='word_1_309' title='bbox 324 3457 413 3514; x_wconf 83' lang='lat' dir='ltr'>qui</span> <span class='ocrx_word' id='word_1_310' title='bbox 451 3461 607 3501; x_wconf 83' lang='lat' dir='ltr'>tamen</span> <span class='ocrx_word' id='word_1_311' title='bbox 650 3471 853 3501; x_wconf 88' lang='lat' dir='ltr'>amorem</span> <span class='ocrx_word' id='word_1_312' title='bbox 892 3455 1117 3513; x_wconf 89' lang='lat' dir='ltr'>puerilem</span> <span class='ocrx_word' id='word_1_313' title='bbox 1158 3454 1438 3511; x_wconf 85' lang='lat' dir='ltr'>Theognidis</span> <span class='ocrx_word' id='word_1_314' title='bbox 1477 3468 1571 3497; x_wconf 87' lang='lat' dir='ltr'>non</span> <span class='ocrx_word' id='word_1_315' title='bbox 1610 3457 1738 3497; x_wconf 89' lang='lat' dir='ltr'>recte</span> <span class='ocrx_word' id='word_1_316' title='bbox 1779 3452 2031 3508; x_wconf 88' lang='lat' dir='ltr'>imaginem</span> 
     </span>
     <span class='ocr_line' id='line_1_38' title="bbox 87 3491 1264 3585; baseline -0.002 -14"><span class='ocrx_word' id='word_1_317' title='bbox 87 3491 317 3583; x_wconf 71' lang='lat' dir='ltr'>poeticam</span> <span class='ocrx_word' id='word_1_318' title='bbox 346 3542 373 3571; x_wconf 85' lang='lat' dir='ltr'>a</span> <span class='ocrx_word' id='word_1_319' title='bbox 403 3527 674 3585; x_wconf 87' lang='lat' dir='ltr'>Theognide</span> <span class='ocrx_word' id='word_1_320' title='bbox 703 3527 858 3572; x_wconf 88' lang='lat' dir='ltr'>fictam</span> <span class='ocrx_word' id='word_1_321' title='bbox 887 3527 1264 3583; x_wconf 88' lang='lat' dir='ltr'>interpretantur.</span> 
     </span>
    </p>
   </div>
  </div>
 </body>
</html>
