2372 4108
1098 283 1111 287 ,,
1154 255 1223 264 -
1300 227 1387 288 14,
1440 259 1508 268 -

2353 154 2372 186 ..3-

2367 363 2372 386 ...
2359 191 2372 347 Δ.....-ι*ι·“

350 391 501 443 illam
540 389 810 442 immerito
846 387 1053 441 reiecit.
1128 384 1254 454 Quo
1292 386 1414 439 loco
1449 386 1496 439 si
1534 403 1657 439 cum
1699 385 1973 440 Brunckio
2009 384 2315 467 ἒπιφαίιξῳν
2368 414 2372 459 3

350 482 702 545 restituimus,
760 480 942 531 omnia
1000 478 1137 532 bene
1190 496 1247 531 se
1294 478 1519 531 liabent.
1609 477 1679 531 In
1731 478 1912 543 verbis
1962 480 2106 533 enim
2147 497 2310 558 ·q.‚·,s.

347 573 477 644 μηδὲ
528 573 641 642 λίην
688 572 935 640 ἐπίφαινε
985 569 1136 624 nullo
1190 570 1415 638 negotio
1462 569 1647 623 animo
1698 571 1987 640 suppletur
2034 571 2193 627 κακόν
2245 588 2315 628 ex
2370 587 2372 590 ⁴

350 685 394 718 v.
437 668 538 718 357
557 684 568 730 3
609 663 759 732 quod
798 662 1011 715 facilius
1049 661 1113 714 fit
1150 679 1270 714 cum
1306 661 1675 730 subsequatur
1710 663 1865 717 κακόν
1897 663 1958 717 δέ
1982 668 2185 718 ‘ce-etc.
2244 711 2249 713 Δ

492 755 702 809 Contra
740 755 796 807 in
834 754 1079 807 versibus
1117 757 1330 806 87-92
1369 754 1693 807 novissimus
1729 755 1910 809 editor
1937 755 2127 809 Hiller
2153 755 2316 830 {rehe-
2366 732 2372 752 ε

355 854 565 902 menter
623 866 656 900 a
709 865 836 900 vero
890 845 1198 912 aberravit,
1256 863 1380 898 cum
1427 862 1614 899 versus
1668 850 1882 901 89—92
1939 846 2251 902 dirimeret-
2279 864 2319 902 a
2366 914 2372 922 .

352 940 588 994 disticho
628 938 989 992 antecedenti.
1080 936 1232 1007 Quos
1282 956 1378 991 sex
1422 956 1612 992 versus
1656 957 1824 992 unum
1868 940 2054 994 facere
2094 956 2315 993 carmen

353 1033 558 1086 evincit
610 1048 734 1084 cum
790 1030 1186 1083 sententiarum
1236 1036 1530 1084 contextus
1581 1037 1696 1085 tum
1749 1032 2008 1101 repetitio
2060 1047 2317 1119 versuum

353 1126 487 1177 87-
495 1128 563 1176 90
597 1128 724 1191 post
762 1140 809 1174 v
854 1126 991 1175 1082
1029 1122 1085 1175 in
1121 1122 1401 1176 codicibus
1441 1129 1495 1175 A
1531 1127 1571 1176 0
1610 1124 1733 1177 alus
1753 1125 1811 1191 1)

499 1215 676 1270 Venio
718 1231 861 1266 nunc
900 1214 971 1266 ad
1007 1214 1237 1283 elegiam
1275 1233 1418 1284 quae
1454 1217 1699 1284 pertinet
1734 1235 1768 1270 a
1804 1234 1851 1271 v.
1893 1218 1996 1269 323
2036 1232 2208 1284 usque
2243 1212 2318 1270 ad

355 1312 472 1362 328.
545 1306 724 1376 Quam
762 1307 817 1359 in
857 1305 966 1359 fine
1003 1306 1360 1376 depravatam
1399 1326 1518 1362 esse
1552 1310 1697 1363 inter
1732 1325 1918 1362 omnes
1947 1307 2065 1362 fere
2091 1307 2319 1363 criticos

354 1401 611 1454 convenit
652 1417 829 1467 neque
868 1398 1048 1452 adbuc
1092 1399 1306 1453 medela
1338 1400 1610 1454 desiderio
1653 1401 1952 1470 legentium
1991 1406 2119 1470 apte
2155 1395 2318 1455 satis-

354 1492 560 1545 faciens
597 1491 822 1544 inventa
861 1501 945 1544 est
962 1492 1022 1562 2).
1101 1491 1270 1546 Velut
1303 1493 1611 1561 periculum
1638 1493 1863 1563 Bergkii
1899 1494 1995 1562 qui
2020 1484 2162 1547 δὀὖν
2193 1509 2317 1571 pro-

355 1584 540 1651 posuit
577 1583 800 1635 minime
838 1583 1036 1651 placet,
1077 1602 1200 1637 cum
1236 1602 1338 1638 vox
1374 1578 1467 1639 οὖν
1504 1604 1911 1655 supervacanea
1951 1603 2059 1640 non
2099 1585 2207 1639 nisi
2244 1584 2320 1661 ad

360 1694 571 1729 versum
619 1676 1029 1729 resarciendum
1077 1678 1263 1746 posita
1300 1679 1374 1731 sit
1411 1683 1466 1731 et
1501 1678 1668 1732 dictio
1706 1696 1899 1747 parum
1938 1677 2165 1747 elegans
2202 1676 2318 1734 fiat.

361 1768 801 1837 Explicationem
857 1768 1142 1822 Welckeri
1203 1771 1297 1838 qui
1355 1771 1644 1824 lectionem
1703 1770 1964 1825 traditam
2025 1769 2320 1828 defendere

356 1869 603 1928 conatur,
646 1862 892 1929 quamvis
932 1868 1131 1931 arguta
1169 1862 1240 1915 sit
1259 1863 1317 1932 ⁸),
1352 1868 1537 1916 tamen
1566 1881 1688 1916 cum
1716 1864 1787 1917 ad
1814 1862 2102 1917 consilium
2122 1866 2324 1931 poetae

357 1972 464 2008 non
504 1954 780 2023 quadrare
831 1954 1081 2008 videatur
1126 1956 1393 2024 improbo.
1487 1955 1704 2011 Sitzleri
1755 1961 1941 2010 autem
1989 1956 2317 2024 interpreta-

355 2049 560 2101 tionem
590 2065 730 2116 quae
758 2052 866 2100 est:
904 2047 993 2100 dei
1020 2047 1217 2101 nolunt
1251 2066 1317 2102 ea
1352 2048 1498 2102 ferre
1528 2051 1562 2102 i.
1591 2067 1638 2103 e.
1674 2050 1730 2101 in
1756 2066 1814 2102 se
1847 2048 2155 2115 admittere,
2194 2064 2320 2123 con-

357 2139 517 2193 fiteor
566 2157 651 2192 me
700 2157 809 2192 non
860 2139 1186 2207 intelligere.
1254 2138 1452 2210 Neque
1490 2141 1571 2195 ita
1609 2146 1671 2194 ut
1708 2141 1947 2195 fortasse
1985 2139 2108 2209 quis
2146 2138 2322 2214 suspi-

358 2239 513 2286 cetur
551 2232 732 2285 locum
772 2232 952 2299 qualis
987 2232 1226 2285 traditus
1262 2238 1346 2286 est
1372 2234 1650 2302 explicare
1685 2233 1834 2287 licet:
1877 2232 1966 2287 dei
1996 2249 2109 2287 non
2146 2231 2331 2288 solent

359 2322 473 2394 (οὐκ
509 2323 772 2382 ἐθέλουσι)
809 2323 947 2376 talia
979 2324 1139 2391 ferre,
1179 2343 1242 2379 eo
1271 2343 1433 2379 sensu
1461 2332 1523 2379 ut
1547 2326 1760 2380 cladem
1786 2325 1945 2392 ferre,
1975 2324 2328 2392 calumniam,

359 2417 636 2486 repulsam
691 2417 892 2470 dicitur
943 2419 1030 2487 (ut
1068 2418 1234 2471 etiam
1274 2417 1476 2473 Sitzler
1523 2417 1861 2472 intellexisse
1899 2416 2157 2487 videtur).
2229 2414 2326 2492 Sic

360 2510 500 2563 enim
539 2510 707 2563 latine
748 2510 1064 2579 loquuntur,
1115 2527 1372 2577 graecum
1425 2510 1734 2580 exemplum
1786 2510 1918 2563 mihi
1955 2509 2179 2579 quidem
2215 2525 2326 2563 non

360 2609 547 2656 notum
584 2608 679 2657 est.
756 2602 881 2672 Qua
930 2604 985 2656 in
1034 2620 1093 2655 re
1144 2621 1268 2656 cum
1307 2603 1552 2659 Usenero
1605 2603 1913 2657 consentire
1962 2601 2096 2679 mihi
2134 2599 2329 2656 videor

361 2695 455 2764 qui
493 2714 541 2750 v.
578 2697 679 2748 742
717 2700 931 2767 φέρεται
966 2714 1066 2765 pro
1103 2701 1254 2767 φέρει
1292 2696 1595 2763 desideret;
1634 2695 1786 2764 quod
1823 2713 1948 2749 cum
1990 2710 2179 2748 versus
2212 2708 2326 2747 non

360 2788 632 2857 patiatur,
689 2787 744 2839 id
803 2789 949 2856 quod
1007 2788 1242 2842 eundem
1297 2789 1468 2843 habet
1522 2806 1741 2842 sensum
1798 2787 2072 2855 restituit,
2130 2784 2242 2853 ἔχει
2258 2785 2323 2856 ⁴).

509 2953 543 3007 ¹)
575 2951 679 2996 Hoc
710 2965 802 2994 non
834 2951 943 2994 satis
973 2951 1233 3009 respexisse
1253 2950 1442 2995 videtur
1463 2950 1686 2996 Schaefer
1707 2951 1787 3007 qui
1808 2966 1853 3008 p.
1878 2951 1932 2995 is
1952 2948 2137 2994 Hillero
2165 2946 2328 2991 imme-

363 3021 454 3065 rito
489 3022 783 3079 astipulatur.

506 3094 543 3149 ⁹)
587 3094 848 3138 Novissima
892 3094 1161 3137 coniectura
1205 3095 1275 3137 est
1314 3091 1485 3137 Hilleri
1531 3093 1597 3146 (in
1636 3092 1781 3150 praef.
1824 3091 2121 3150 anthologia
2160 3106 2206 3149 p.
2238 3087 2324 3145 X):

362 3164 513 3213 πᾶσιν,
545 3165 604 3205 Κ
605 3164 722 3222 ''p-ve·
754 3167 861 3208 θεοὶ
891 3163 927 3206 δ’
961 3163 1040 3207 οὐκ
1072 3157 1278 3207 ἐθέλουσ’
1308 3161 1502 3220 ἀφελεῖν.

507 3236 541 3288 ⁸)
573 3235 624 3280 Ρ
652 3238 751 3279 106:
801 3236 916 3281 Cum
956 3236 1003 3280 vi
1042 3235 1217 3281 omissa
1257 3237 1327 3280 est
1362 3234 1594 3279 sententia
1626 3234 1951 3290 adversatio&
1997 3231 2103 3278 deos
2130 3231 2328 3290 quidem,

363 3306 456 3360 ait,
495 3320 590 3351 non
618 3307 742 3362 ferre
781 3307 1021 3352 hominum
1055 3308 1272 3364 peccata,
1317 3306 1396 3351 sed
1418 3306 1623 3364 punire;
1673 3319 1757 3351 nos
1800 3307 1957 3350 autem
1989 3302 2118 3360 ferre
2159 3302 2329 3357 dobere,

363 3391 503 3433 quum
534 3377 738 3422 vindices
775 3392 933 3423 eorum
970 3391 1066 3423 non
1097 3379 1246 3423 simus
1276 3376 1531 3423 constituti.
1566 3402 1620 3410 —
1651 3376 1790 3422 Hanc
1820 3375 2177 3433 explicationem
2208 3373 2326 3418 acci·

302 3459 308 3463 ⁴
365 3448 435 3505 pit
464 3447 754 3492 Herwerden
786 3464 828 3506 p.
851 3451 919 3493 22.

508 3520 546 3574 ⁸)
577 3519 740 3564 Jahrb.
769 3520 807 3574 f.
838 3519 972 3565 klass.
1005 3520 1128 3564 Phil.
1164 3521 1275 3564 1878
1304 3534 1349 3577 p.
1371 3520 1440 3564 66.
