2372 4108
1143 250 1496 299 ..28-

345 409 495 460 locos
525 405 834 461 Hesiodeos
874 409 1140 476 expressit
1174 412 1229 461 et
1260 407 1519 463 Solonem
1554 408 1803 462 imitatus
1839 414 1940 476 est,
1977 408 2147 464 Solon
2173 409 2310 480 Tyr·

344 506 527 553 taeum
550 502 609 567 ¹).
686 500 795 554 Sed
834 504 959 552 utut
995 517 1081 552 res
1116 517 1176 553 se
1215 500 1399 562 habet,
1439 499 1660 554 minime
1698 500 1930 568 parodia
1968 507 2070 555 est.
2362 571 2364 574 Ι

491 591 570 644 Ut
620 591 707 643 hic
754 590 996 659 paullum
1049 591 1436 658 subsistamuS,
1488 609 1596 660 quo
1635 590 1840 644 diutius
1891 598 1948 646 et
1995 593 2311 649 accuratius

347 701 460 736 rem
512 682 787 748 delibem,
840 699 903 735 eo
949 683 1126 750 magis
1179 670 1523 737 adversarios
1581 700 1765 737 errare
1821 685 1953 739 mihi
2003 685 2311 755 persuadeo

348 775 791 843 argumentisque
827 775 906 826 uti
945 774 1143 842 quibus
1183 775 1319 828 nihil
1357 775 1778 830 demonstretur.
1850 775 1976 832 Hoc
2014 777 2313 848 praecipue
2360 775 2366 811 ἶ

347 868 494 920 valet
524 867 590 919 de
631 866 880 919 formulis
918 866 1085 934 epicis
1125 872 1181 920 et
1215 866 1495 936 elegiacis.
1572 867 1722 924 Satis
1760 873 1952 923 notum
1989 875 2074 923 est
2110 868 2313 938 elegio·
2366 883 2372 944 ζ

350 959 590 1027 graphos
624 960 679 1010 in
716 958 1048 1012 carminibus
1081 959 1475 1028 componendis
1501 961 1706 1029 passim
1734 962 1919 1029 epicos
1945 962 2101 1031 sequi
2124 962 2314 1031 eisque
2370 998 2372 1002 .

352 1067 491 1119 quae
540 1051 594 1102 in
632 1051 786 1118 poesi
837 1051 994 1118 epica
1042 1068 1142 1119 per
1181 1057 1266 1105 tot
1314 1053 1538 1106 saecula
1575 1058 1874 1122 usurpatae
1918 1070 2094 1123 paene
2140 1052 2315 1108 obdu·
2366 1062 2372 1067 ”

350 1147 575 1197 ruerunt
611 1141 860 1195 formulis
897 1143 995 1209 uti,
1027 1144 1321 1212 praecipue
1359 1145 1414 1197 in
1447 1144 1780 1200 hexametro.
1854 1145 2093 1216 Egregie
2128 1151 2317 1201 autem
2370 1172 2372 1175 ⁴

351 1236 417 1288 de
453 1253 701 1288 sermone
739 1235 894 1302 epico
933 1235 1307 1304 exemplisque
1331 1238 1448 1290 eius
1478 1237 1626 1306 apud
1656 1237 2074 1308 elegiographos
2102 1243 2319 1294 exstan-

353 1328 499 1382 tibus
550 1327 662 1394 egit
707 1326 931 1380 Renner
976 1327 1118 1381 libro
1166 1345 1333 1397 supra
1379 1336 1804 1383 commemorato
1857 1335 1930 1399 (Ρ.
1965 1333 2035 1384 26
2067 1329 2197 1386 adn.
2235 1333 2314 1398 2);

352 1425 639 1488 praeterea
702 1437 817 1472 rem
870 1419 1011 1473 bene
1067 1421 1326 1474 tractavit
1374 1420 1755 1491 Kuellenberg
1800 1423 1856 1476 in
1907 1421 2126 1478 dissert.
2177 1441 2231 1493 q.
2282 1424 2317 1476 i.

351 1510 437 1566 ‘de
471 1513 777 1565 imitatione
814 1510 1190 1579 Theognidea'
1227 1513 1612 1581 (Argentorati
1654 1518 1830 1581 1877).
1891 1514 2109 1570 Deinde
2135 1514 2322 1570 obser·

353 1624 479 1660 vare
531 1606 674 1671 licet,
719 1622 896 1672 neque
936 1622 1270 1673 quemquam
1307 1607 1399 1674 qui
1449 1608 1598 1675 poesi
1649 1608 1925 1677 elegiacae
1963 1624 2188 1677 operam
2227 1606 2319 1662 de·

355 1700 499 1753 derit
545 1699 646 1752 hoc
696 1696 947 1764 effugisse
986 1698 1206 1765 opinor,
1246 1699 1395 1768 apud
1431 1705 1627 1768 poetas
1663 1700 1936 1768 elegiacos
1982 1701 2116 1755 item
2153 1703 2321 1769 atque

355 1791 502 1861 apud
559 1791 742 1860 epicos
803 1788 1071 1858 paulatim
1140 1795 1351 1844 certum
1410 1808 1569 1845 usum
1632 1792 1878 1860 dicendi,
1939 1791 2320 1858 elocutionem,

355 1885 676 1939 electionem
726 1882 1014 1936 verborum
1064 1886 1120 1936 et
1168 1882 1618 1953 collocationem,
1669 1885 1993 1954 praesertim
2041 1884 2098 1937 in
2133 1887 2323 1953 penta·

356 1983 530 2031 metro
586 1982 649 2030 ut
703 1981 903 2029 natura
962 1974 1206 2042 ferebat,
1268 1980 1391 2030 orta
1445 1994 1563 2031 esse
1619 1995 1762 2046 quae
1813 1977 1957 2032 alter
2014 1974 2087 2031 ab
2145 1973 2323 2029 altero

356 2071 675 2138 susceperit.
751 2069 877 2123 Hac
914 2068 981 2121 de
1018 2086 1078 2122 re
1118 2068 1293 2123 multa
1327 2069 1488 2124 utilia
1529 2070 1714 2124 attulit
1749 2068 1897 2123 idem
1928 2066 2324 2136 Kuellenberg,

358 2164 650 2232 praecipue
685 2180 738 2231 Ρ.
777 2165 846 2215 49
883 2181 1003 2232 sqq.
1080 2162 1238 2232 Quae
1277 2180 1402 2216 cum
1438 2164 1517 2216 ita
1544 2164 1670 2229 sint,
1707 2163 1754 2216 si
1789 2163 1844 2214 in
1870 2159 2174 2230 appendice
2206 2177 2326 2230 per·

358 2273 586 2323 magnus
635 2255 910 2309 invenitur
951 2273 1210 2310 numerus
1254 2255 1502 2308 locorum
1541 2260 1597 2308 et
1631 2253 1993 2308 formularum
2030 2269 2172 2323 quae
2219 2252 2326 2307 etsi

360 2350 526 2402 etiam
573 2348 630 2400 in
668 2348 994 2404 collectione
1031 2355 1223 2403 nostra
1256 2349 1466 2402 maiore
1505 2347 1800 2401 monstrari
1845 2352 2094 2415 possunt,
2140 2351 2326 2399 tamen

361 2441 686 2495 creberrime
724 2443 891 2495 etiam
922 2442 1181 2511 leguntur
1210 2440 1359 2510 apud
1396 2439 1706 2494 Homerum
1743 2445 1796 2493 et
1834 2439 2035 2508 epicos,
2066 2436 2326 2491 Mimner-

360 2552 525 2600 mum,
563 2533 850 2602 Solonem,
909 2534 1048 2588 alios
1099 2533 1399 2602 elegiarum
1448 2534 1759 2602 scriptores,
1810 2530 2038 2586 dubium
2082 2547 2193 2584 non
2242 2533 2328 2584 est

362 2628 492 2695 quin
543 2626 627 2678 his
671 2625 804 2680 locis
855 2627 1217 2682 demonstrari
1274 2643 1384 2679 non
1438 2626 1615 2694 possit
1670 2628 1953 2678 auctorem
2006 2620 2328 2692 appendicis

362 2719 560 2773 librum
612 2719 849 2787 primum
890 2719 1227 2788 Theognidis
1278 2718 1457 2787 qualis
1507 2734 1652 2771 nunc
1703 2721 1913 2783 exstat,
1962 2720 2095 2770 ante
2134 2713 2327 2769 oculos

362 2811 617 2864 habuisse
669 2810 888 2865 debere.
973 2811 1166 2880 Atque
1215 2811 1319 2865 hoc
1361 2811 1592 2864 maxime
1639 2806 1928 2864 Corsenno
1973 2808 2107 2862 vitio
2154 2806 2328 2861 tribu·

364 2904 579 2972 endum,
620 2905 711 2971 qui
752 2921 875 2957 cum
913 2904 967 2957 in
995 2905 1170 2972 prima
1202 2909 1358 2972 parte
1405 2902 1806 2957 dissertationis
1845 2918 1978 2955 suae
2014 2905 2089 2970 (p.
2125 2900 2327 2965 4—24)

364 3002 586 3064 praeter
624 3014 687 3049 ea
723 3015 863 3065 quae
894 2996 1152 3051 Rennero
1193 3002 1249 3051 et
1285 2994 1719 3064 Kuellenbergio
1758 2993 1926 3048 debet
1957 2994 2075 3063 ipse
2111 3007 2330 3063 quoque

365 3087 540 3141 multa
579 3087 687 3141 alia
724 3089 924 3142 similia
960 3089 1043 3143 vel
1084 3090 1445 3157 congruentia
1481 3105 1679 3156 magna
1715 3086 1992 3141 industria
2029 3083 2330 3154 collegerit,

367 3198 694 3249 quamquam
751 3187 976 3236 excusat
1030 3199 1137 3236 non
1195 3182 1377 3235 omnia
1438 3197 1581 3250 quae
1648 3179 1987 3248 congesserit
2043 3175 2331 3247 plagiatori

368 3272 616 3341 exemplo
649 3272 814 3328 fuisse
853 3292 973 3328 sese
1004 3274 1243 3340 credere,
1276 3278 1460 3327 tamen
1496 3272 1633 3328 locis
1667 3271 1914 3326 collectis
1937 3269 2008 3324 ad
2034 3268 2187 3323 illam
2215 3284 2332 3322 rem

366 3371 571 3418 utatur.

403 3466 433 3469 Ν
478 3467 484 3469 -
519 3466 566 3548 ¹)—
584 3466 654 3537 fit
676 3465 896 3550 'Theogm
942 3495 1049 3537 1197
1091 3507 1188 3550 sqq.
1232 3514 1282 3530 =
1326 3491 1438 3537 Hes.
1468 3505 1544 3550 op.
1574 3492 1660 3536 448
1689 3504 1812 3547 sqq.;
1841 3488 2017 3548 Theog.
2050 3488 2248 3533 188-42
2279 3508 2330 3526 =

369 3564 464 3608 Sol.
499 3566 565 3618 13,
596 3566 652 3608 65
683 3578 803 3621 sqq.;
836 3563 1009 3621 Theog.
1041 3565 1225 3617 39-42,
1256 3565 1313 3608 48
1342 3578 1441 3620 sqq.
1474 3584 1530 3600 =
1560 3562 1655 3607 Sol.
1685 3565 1727 3615 4,
1761 3563 1912 3606 l—ll.
