2372 4108
239 1188 437 1244 Studia
462 1206 584 1241 mea
616 1188 682 1240 de
712 1186 1028 1253 Theognide
1053 1187 1109 1237 in
1139 1185 1318 1238 lucem
1343 1185 1655 1252 prolaturus
1682 1186 1829 1238 haud
1858 1188 2047 1254 ignoro

39 1286 44 1306 ¹
97 1298 261 1349 quam
310 1298 428 1333 rem
477 1279 842 1348 periculosam
891 1278 1200 1345 suscipiam.
1276 1276 1416 1332 Cum
1451 1278 1590 1330 enim
1631 1278 1862 1346 sylloge,
1909 1297 2048 1347 quae
2110 1340 2112 1342 ,

32 1392 38 1395 ’
98 1370 436 1440 Theognidis
473 1389 672 1425 nomen
718 1388 847 1438 prae
899 1388 955 1422 se
1008 1369 1187 1422 ferens
1221 1369 1293 1422 ad
1324 1387 1421 1422 nos
1458 1371 1730 1437 pervenit,
1780 1376 1893 1423 tam
1933 1390 2047 1425 cor-

35 1466 41 1468 ’
94 1470 257 1533 rupta
285 1469 341 1518 et
367 1462 681 1516 disturbata
718 1463 802 1528 sit,
836 1466 920 1514 tot
953 1478 1040 1514 res
1072 1462 1138 1515 de
1174 1480 1237 1514 ea
1268 1463 1526 1528 incertae,
1569 1480 1688 1514 cum
1726 1469 1838 1516 tam
1878 1466 2049 1518 multa

35 1573 38 1575 ·
96 1575 129 1610 a
180 1556 309 1608 viris
362 1555 537 1608 doctis
588 1555 655 1607 de
700 1554 864 1607 rebus
908 1553 1016 1606 illis
1070 1554 1276 1622 scripta
1324 1555 1460 1621 sint,
1509 1556 1816 1607 sententiae
1864 1556 1934 1608 ab
1982 1558 2048 1609 iis

31 1669 33 1676 ’
94 1647 345 1716 prolatae
395 1647 687 1700 admodum
738 1647 979 1708 varient,
1047 1646 1348 1714 periculum
1398 1647 1613 1700 videtur
1661 1665 1729 1698 ne
1773 1648 1934 1715 plura
1983 1649 2049 1701 de

94 1758 152 1793 re
190 1739 477 1793 scribendo
516 1738 870 1791 difficultates
907 1739 1078 1805 magis
1115 1743 1420 1804 augeantur
1458 1757 1621 1807 quam
1657 1739 2046 1793 diminuantur.

29 1831 36 1861 ³
97 1831 313 1901 Quodsi
349 1836 533 1885 tamen
577 1831 643 1883 de
678 1830 998 1900 Theognide
1036 1829 1274 1883 scribere
1320 1830 1438 1882 ausi
1476 1849 1686 1898 sumus,
1739 1849 1906 1885 causa
1949 1838 2046 1899 est,

96 1924 244 1992 quod
282 1924 574 1977 ostendere
602 1923 761 1976 nobis
798 1924 1184 1992 proposuimus
1220 1939 1443 1990 prorsus
1475 1923 1641 1975 aliam
1679 1928 1845 1991 atque
1884 1929 2047 1978 antea

30 2016 35 2037 ³
93 2017 236 2068 viam
288 2032 405 2068 esse
456 2015 782 2082 ineundam,
846 2016 891 2068 si
941 2034 1027 2068 res
1078 2021 1259 2068 certas
1311 2014 1529 2068 efficere
1578 2015 1822 2068 velimus,
1911 2017 2047 2069 Mihi

93 2109 236 2161 enim
289 2108 609 2177 plerumque
646 2125 787 2160 vana
824 2107 1079 2160 videntur
1114 2125 1255 2176 quae
1292 2108 1397 2159 viri
1433 2107 1578 2160 docti
1614 2108 1679 2160 de
1718 2108 1829 2161 vita
1869 2108 2046 2162 'Pheo-

92 2199 269 2268 gnidis
301 2199 459 2252 nobis
493 2205 769 2267 enarrant,
809 2199 876 2253 de
916 2201 1067 2253 varia
1105 2200 1222 2253 eius
1258 2199 1314 2250 in
1350 2217 1409 2252 re
1446 2199 1666 2267 publica
1704 2199 1942 2267 fortuna,
1980 2201 2045 2254 de

90 2292 380 2345 itineribus
417 2291 475 2343 in
501 2291 783 2344 Euboeam
814 2296 868 2343 et
882 2291 1355 2344 Lacedaemonem
1390 2291 1566 2357 factm,
1608 2292 1674 2344 de
1713 2293 1902 2345 amicis
1930 2294 2045 2345 eius

95 2382 470 2450 OnomacritO,
510 2382 797 2449 OlearistO,
836 2384 1098 2437 Democle
1136 2384 1256 2436 aliis
1285 2383 1456 2452 ete.¹).
1520 2382 1867 2452 Quamquam
1904 2386 2045 2437 enim

92 2480 302 2528 certum
324 2479 406 2527 est
429 2475 631 2528 multas
659 2475 888 2528 aliorum
906 2482 1193 2543 poetarum
1220 2476 1423 2542 elegias
1443 2476 1499 2527 in
1522 2475 1784 2542 syllogam
1804 2482 2045 2530 nostram

90 2567 376 2635 irrepsisse
397 2567 459 2636 2),
510 2568 589 2619 ita
626 2574 687 2620 ut
724 2567 790 2620 de
826 2569 903 2620 eis
938 2585 1077 2635 quae
1113 2572 1324 2620 restant
1361 2585 1611 2633 magnam
1645 2567 2043 2622 dubitationem

93 2658 224 2710 oriri
261 2675 483 2712 necesse
518 2659 605 2726 sit,
645 2665 828 2712 tamen
866 2660 968 2711 viri
1006 2659 1153 2711 docti
1187 2659 1435 2727 plerique
1472 2659 1710 2712 maxima
1746 2661 2045 2712 carminum

93 2755 253 2816 parte
306 2750 387 2801 ita
430 2756 662 2803 utuntur
711 2757 773 2803 ut
818 2752 864 2804 si
901 2769 934 2803 a
971 2750 1291 2818 Theognide
1327 2751 1579 2818 profecta
1617 2751 1703 2804 sit.
1777 2751 1967 2819 Atque
2000 2753 2045 2804 si

30 2886 36 2889 .
91 2858 233 2908 quae
267 2845 463 2908 poetae
504 2842 812 2910 Megarensi
848 2842 1194 2909 abiudicant,
1244 2844 1419 2911 magis
1471 2861 1633 2895 sensu
1683 2843 1955 2896 ducuntur
1992 2850 2046 2896 et

230 2995 272 3051 ²)
305 2995 452 3040 Velut
491 2995 640 3039 Flach
679 2996 836 3040 Gesch.
877 2996 957 3040 der
982 2997 1147 3054 griech.
1178 2997 1292 3053 Lyr.
1324 2996 1378 3040 II
1417 3012 1461 3053 p.
1486 2998 1585 3048 405,
1625 2998 1836 3041 408—11.
1897 2997 2044 3043 Recte

26 3071 32 3078 '
90 3065 250 3123 Bergk
286 3065 467 3111 Griech.
498 3066 890 3124 Literaturyesch.
921 3066 973 3110 11
1003 3082 1049 3123 p.
1064 3069 1148 3110 303
1179 3067 1283 3111 adn.
1304 3069 1372 3111 ⁶23.

233 3136 271 3192 ²)
303 3136 448 3182 Velut
477 3137 665 3193 Tyrtaei
700 3142 807 3181 sunt
836 3153 908 3181 vv.
929 3139 1128 3181 935—38
1157 3140 1246 3192 (12,
1277 3140 1332 3181 37
1351 3152 1449 3193 sqq.
1471 3138 1685 3195 Bergk),
1727 3139 1924 3183 1003—6
1955 3141 2043 3195 (12,

25 3255 28 3258 Α
90 3207 301 3263 13-16);
334 3207 604 3251 Mimnermi
635 3209 835 3251 793—96
865 3208 942 3263 (fr.
962 3210 1024 3263 7),
1057 3210 1282 3252 1017—22
1311 3209 1386 3263 (fr.
1407 3209 1480 3263 5);
1514 3207 1696 3251 Solonis
1723 3209 1922 3253 227—32
1953 3211 2043 3264 (13,

89 3278 304 3333 71—76)‚
346 3279 546 3322 315—18
577 3278 651 3334 (fr.
678 3279 775 3334 15),
815 3280 1016 3322 585—90
1046 3281 1135 3335 (13,
1165 3280 1377 3335 65—70),
1416 3280 1615 3323 719—28
1647 3279 1722 3334 (fr.
1745 3281 1846 3335 24),
1889 3280 2044 3335 1253s4

27 3394 32 3399 ,
91 3344 166 3401 (fr.
188 3349 287 3402 23),
331 3361 419 3391 nec
448 3349 602 3392 minus
632 3362 704 3392 vv.
733 3349 860 3405 153l4
899 3352 990 3404 (ap.
1023 3349 1220 3392 Aristot.
1262 3349 1320 3392 de
1361 3349 1549 3392 civitate
1589 3350 1761 3393 Athen.
1792 3363 1829 3392 c.
1854 3351 1929 3404 123
1984 3350 2042 3394 cf.

89 3415 146 3460 fr.
166 3419 194 3460 8
222 3417 426 3476 Bergk).
487 3418 663 3462 Versus
699 3421 923 3462 1209—16
951 3419 1066 3462 item
1095 3419 1361 3476 Theognidi
1399 3420 1696 3463 abiudicandi
1721 3420 1796 3463 cui
1826 3421 2042 3476 scriptori

42 3514 46 3517 -
87 3488 326 3532 tribuendi
347 3491 440 3532 sint
461 3489 652 3533 dubium
672 3493 752 3533 est.
774 3515 831 3521 —
851 3490 920 3534 Cf.
944 3489 1049 3533 Van
1071 3490 1154 3534 der
1172 3490 1279 3546 Mey
1299 3490 1465 3533 Studia
1479 3490 1779 3547 Theognidea
1798 3505 1842 3546 p.
1859 3492 2042 3540 39—43,

91 3555 259 3603 Sitzler
288 3559 575 3617 Theognidis
607 3561 834 3616 reliquiae
863 3560 999 3617 proll.
1028 3576 1074 3618 p.
1095 3563 1164 3611 36,
1197 3561 1350 3608 Cauer,
1375 3560 1542 3604 Philol.
1567 3562 1678 3605 1890
1707 3576 1751 3617 p.
1773 3563 1857 3604 662
1877 3575 1977 3617 sqq.

1758 3632 1779 3674 1
