2372 4108
1181 233 1531 282 —32—

373 390 580 444 Omnes
617 389 671 442 hi
711 396 824 443 tres
863 407 1047 443 versus
1085 389 1140 441 in
1179 388 1367 457 elegiis
1406 389 1477 442 ad
1515 387 1759 458 Cyrnum
1802 392 2022 461 scriptis
2060 393 2289 463 leguntu

372 481 490 535 Iam
541 481 630 534 hic
682 482 875 535 haeret
931 498 1088 549 aqua.
1186 480 1333 534 Nam
1374 482 1663 535 materiam
1715 482 1997 538 difficilem
2051 467 2333 561 tetigimir

371 574 700 643 plenamque
759 572 1017 643 periculi,
1075 574 1460 641 repetitiones,
1508 573 1576 628 de
1630 574 1831 644 quibus
1890 576 2233 632 confidenter
2284 566 2319 633 e*

372 671 524 720 certo
569 665 810 719 iudicare
850 682 959 719 non
997 664 1129 718 licet
1149 666 1207 735 ¹).
1284 666 1472 735 Atque
1524 667 1571 719 si
1603 666 1709 720 hoc
1749 666 2060 738 Theognidi
2097 670 2153 723 in
2198 669 2276 725 lib
2332 679 2336 682 ’

371 760 543 829 primo
571 758 896 827 permissum
928 762 1051 811 erat
1069 788 1138 797 —
1159 757 1307 827 quod
1327 758 1583 827 equidem
1603 775 1708 812 non
1729 758 1924 815 dubito
1942 791 2006 800 —
2029 761 2124 831 qui
2156 767 2317 832 potes

375 853 496 920 quis
536 850 814 905 affirmare
851 867 971 903 eum
1012 850 1105 918 qui
1140 850 1197 903 in
1228 849 1375 904 libro
1412 855 1451 919 β
1481 868 1698 905 versum
1736 852 1888 906 τοῦθ’
1925 851 2092 924 ἕρδειν
2126 873 2171 910 κ.
2206 873 2252 909 τ.
2290 855 2333 909 λ’

375 944 659 998 iteraverit
716 941 1088 1010 Theognidem
1153 960 1272 997 esse
1332 960 1443 997 non
1504 943 1709 1013 posse?
1771 943 1971 1015 Itaque
2035 946 2309 1003 sententia

375 1035 594 1090 illorum
627 1035 889 1090 accedere
927 1052 1156 1104 nequeo,

516 1129 600 1181 At
637 1145 823 1181 versus
867 1131 1056 1197 1117J8

632 1256 850 1324 Πλοῦτε,
887 1259 1032 1309 θεῶν
1064 1255 1311 1311 κάλλιστε
1349 1257 1435 1310 καὶ
1470 1257 1800 1326 ἱμεροέστατε
1835 1258 2065 1323 πάντων,

785 1348 878 1401 σύν
914 1349 993 1401 σοὶ
1032 1349 1123 1402 καὶ
1154 1349 1310 1414 κακός
1344 1344 1420 1403 ὢν
1455 1353 1654 1420 γίνεται
1692 1348 1885 1416 ἐσθλός
1917 1348 2050 1424 α’νὴρ

374 1476 725 1531 manifestum
777 1482 862 1530 est
911 1476 1211 1546 plagiatori
1269 1478 1556 1532 materiam
1609 1477 1828 1534 dedisse
1886 1479 2150 1548 parodiae
2199 1494 2343 1549 quae

373 1588 454 1623 VV.
497 1570 685 1640 1365l6
725 1575 902 1624 exstet
921 1570 987 1635 ⁹):

630 1689 687 1751 Ὠ
719 1698 925 1752 παίδων
959 1699 1206 1754 κάλλιπε
1241 1699 1329 1753 καὶ
1366 1699 1700 1768 ἱμεροέσιατε
1730 1700 1959 1767 πάντων,

786 1790 943 1863 στῆθ’
982 1789 1149 1846 αὐτοῦ
1183 1795 1271 1845 καί
1306 1811 1407 1859 μου
1448 1787 1611 1862 παῦρ’
1646 1790 1933 1846 ἐπάκουσον
1969 1791 2088 1864 ἔπη.

377 1918 712 1973 Persuasum
750 1918 919 1986 igitur
955 1919 1163 1974 habent
1200 1920 1282 1974 illi
1320 1919 1551 1974 Plutum
1589 1919 1752 1974 deum
1789 1920 1908 1975 iure
1946 1925 2004 1975 et
2035 1919 2089 1974 vi
2122 1919 2348 1990 propria

377 2012 618 2065 omnium
667 2011 1098 2081 pulcherrimum
1147 2018 1202 2067 et
1251 2013 1696 2067 amoenissimum
1753 2011 2023 2082 appellari
2077 2011 2345 2082 potuisse,

376 2122 487 2158 non
521 2122 753 2173 puerum
791 2110 1053 2172 amatum,
1091 2106 1174 2159 ita
1210 2110 1274 2159 ut
1298 2122 1346 2158 v.
1383 2107 1522 2158 1365
1559 2104 1925 2160 imitationem
1962 2121 2081 2160 esse
2123 2119 2347 2159 necesse

377 2197 463 2251 sit.
559 2196 836 2267 Equidem
879 2199 1216 2252 contrarium
1269 2197 1622 2264 crediderim,
1680 2197 1780 2251 scil
1828 2197 1934 2253 hoc
1982 2197 2051 2253 de
2100 2195 2346 2268 ἐρωμένῳ

378 2295 506 2359 apte
559 2290 697 2358 dici,
753 2290 820 2344 de
858 2290 1026 2344 Pluto
1076 2309 1187 2345 non
1235 2291 1343 2343 nisi
1394 2289 1667 2344 translate
1720 2295 1775 2344 et
1824 2295 2102 2346 auctorem
2153 2306 2344 2344 versus

383 2384 519 2435 1117
575 2383 757 2437 locum
795 2389 995 2453 poetae
1034 2383 1174 2437 alius
1215 2388 1482 2453 spectare.
1559 2382 1759 2452 Itaque
1796 2389 1894 2437 aut
1929 2402 1979 2438 v.
2008 2386 2146 2437 1117
2185 2400 2347 2452 paro·

380 2475 472 2529 dia
528 2481 613 2530 est
667 2493 854 2530 versus
910 2476 1184 2531 inferioris
1226 2479 1361 2531 1365
1401 2482 1499 2531 aut
1549 2476 1789 2545 scriptor
1844 2481 2077 2546 uterque
2123 2482 2345 2546 poetam

382 2570 603 2622 tertium
644 2570 1008 2638 antiquiorem
1046 2569 1294 2623 imitatus
1334 2574 1432 2622 est.

523 2659 718 2729 Neque
758 2662 921 2715 aliter
968 2647 1073 2716 res·
1100 2680 1157 2716 se
1196 2660 1363 2716 habet
1411 2658 1479 2714 de
1519 2678 1595 2715 vv.
1630 2662 1767 2715 1353
1805 2666 1863 2715 et
1900 2663 2000 2714 301
2028 2658 2091 2728 ³).
2166 2658 2340 2714 Prae·

383 2753 589 2806 clarum
656 2755 798 2807 enim
867 2772 1086 2809 sensum
1145 2753 1414 2823 praebere
1468 2770 1659 2807 versus
1722 2753 1844 2807 loco
1907 2750 2165 2807 inferiore
2224 2751 2345 2822 quis

384 2846 585 2915 neget?
662 2845 793 2900 Scil.
848 2847 1008 2901 simul
1060 2846 1274 2900 dulcem
1327 2851 1383 2899 et
1432 2862 1678 2898 amarum
1729 2862 1847 2899 esse
1897 2861 2172 2911 amorem,
2226 2842 2346 2899 ille·

382 2939 668 2993 cebrarum
708 2939 928 3007 plenum
969 2946 1022 2993 et
1059 2939 1321 3004 duritiae,
1375 2938 1501 2991 dum
1543 2938 1656 2991 voti
1694 2953 1918 3006 compos
1950 2935 2064 2991 fiat.
2138 2935 2347 2992 Contra

2366 3009 2372 3026 ι

2365 3033 2372 3060 1

529 3104 563 3158 ¹)
595 3102 808 3159 Eget-unt
853 3102 911 3146 de
956 3103 1027 3146 his
1067 3101 1288 3147 Schaeser
1332 3102 1380 3145 in
1423 3100 1584 3146 libello
1624 3114 1707 3145 suo
1747 3100 1808 3144 de
1848 3099 2028 3145 iteratis
2068 3114 2142 3159 ap.
2173 3099 2372 3158 Τ1ιοος.1
2365 3129 2372 3167 4

382 3174 591 3218 distichis
620 3178 666 3217 et
696 3174 849 3218 Cauer
879 3175 924 3217 in
957 3174 1126 3219 Philol.
1161 3175 1268 3218 1891
1299 3187 1344 3231 p.
1375 3173 1463 3217 529
1492 3187 1591 3231 sqq.
1613 3171 1836 3217 Schaefer
1856 3185 2015 3216 versus
2036 3171 2139 3216 illos
2158 3169 2372 3228 quidem}

386 3246 480 3298 128,
509 3247 606 3298 540,
638 3247 722 3288 554
753 3246 798 3288 in
832 3246 1135 3290 formularum
1166 3258 1359 3290 numero
1387 3243 1627 3289 habendos
1656 3243 1826 3288 merito
1855 3246 1992 3301 putat
2019 3257 2065 3301 p
2094 3245 2139 3288 4.

528 3316 565 3370 ²)
598 3316 817 3361 Rintelen
850 3332 892 3374 p.
924 3319 1005 3372 89;
1038 3332 1127 3361 van
1159 3316 1243 3361 der
1272 3315 1378 3373 Mey
1399 3331 1443 3372 p
1465 3317 1546 3369 85,
1578 3315 1783 3360 Corsenn
1803 3329 1850 3372 p.
1869 3315 1997 3360 2281
2014 3314 2094 3368 87;
2124 3306 2372 3373 Schaeser,

383 3402 428 3443 p.
459 3389 487 3430 4
517 3402 581 3443 sq.
643 3387 710 3430 (kf
744 3387 1011 3433 Rennerum
1043 3403 1085 3445 p.
1118 3390 1168 3431 21
1205 3403 1247 3431 n.
1278 3390 1348 3432 39.

529 3458 566 3513 ⁸)
599 3458 820 3502 Welcker
849 3474 880 3516 p
915 3461 992 3514 603
1026 3459 1246 3504 Rintelen
1278 3473 1322 3515 p.
1352 3460 1431 3513 393
1463 3472 1552 3502 van
1582 3457 1667 3501 der
1696 3456 1805 3513 11ογ
1836 3471 1881 3514 p.
1903 3456 1981 3510 85;
2015 3454 2167 3500 Couat
2195 3470 2239 3513 p.
2261 3437 2372 3530 2783}

384 3543 473 3584 sq.;
504 3530 708 3573 Uorsenn
740 3544 782 3586 p.
805 3532 875 3584 21,
906 3532 975 3583 29,
1007 3531 1076 3583 87,
1106 3531 1185 3584 48;
1218 3529 1442 3573 Schaefer
1471 3543 1515 3587 p.
1546 3529 1617 3573 88.

2364 3535 2372 3697 ἐ
