2372 4108
851 247 1204 296 -45-

824 505 1047 590 Caput
1098 505 1225 570 III.

22 728 26 738 .
191 667 451 737 Sequitur
476 674 538 722 ut
565 669 631 723 de
655 670 829 723 vocali
858 670 1023 737 longa
1056 670 1137 722 vel
1165 669 1503 737 diphthongo
1531 670 1587 722 in
1617 687 1745 722 voce
1775 675 2005 723 exeunte

3 835 5 837 ‚
50 766 180 815 ante
233 761 477 815 vocalem
528 763 901 830 insequentem
961 767 1215 829 correpta
1272 761 1559 815 dicendum
1609 762 1682 814 sit
1727 766 1783 814 et
1840 779 2005 829 quae-

18 852 279 925 ἓῐειιᾶιιῐη
338 853 392 905 in
453 855 557 906 hac
620 872 678 906 re
737 854 1065 922 prosodiaca
1120 872 1248 906 num
1300 859 1478 907 certas
1535 853 1802 921 quasdam
1857 853 2005 920 leges

11 929 29 999 j
47 941 323 1011 Theognis
371 944 769 1012 observaverit,
821 946 964 999 unde
1014 946 1246 1000 fortasse
1297 948 1396 999 hos
1447 946 1571 999 illos
1621 963 1808 998 versus
1854 944 2005 997 adul-

18 1035 252 1110 terinos
309 1053 426 1089 esse
483 1035 768 1091 efficiatur.
844 1039 1032 1105 Atque
1089 1042 1150 1089 ut
1205 1037 1336 1106 quid
1387 1037 1763 1106 Theognidem
1813 1037 2007 1090 deceat

7 1150 13 1196 j
47 1127 181 1195 quid
234 1144 368 1195 non,
420 1128 655 1181 iudicari
706 1134 888 1197 queat,
939 1130 1118 1182 facere
1160 1147 1269 1182 non
1317 1146 1605 1197 possumus
1658 1130 1790 1196 quin
1839 1130 2005 1182 etiam

5 1231 10 1284 ζ
47 1236 204 1272 usum
243 1225 531 1288 poetarum
570 1225 751 1274 aetate
782 1222 1123 1289 superiorum
1155 1226 1210 1274 et
1234 1221 1551 1273 inferiorum
1580 1221 2003 1274 consideremus.

2 1309 168 1378 „Iam
210 1311 558 1365 observatum
597 1317 680 1365 est
717 1331 750 1365 a
789 1313 1134 1366 Kaibelio
1175 1318 1229 1366 et
1264 1313 1631 1382 Dielsio1),
1669 1319 1860 1381 poetas
1900 1314 2004 1367 ele-

0 1404 233 1470 [giacos
290 1405 624 1472 antiquiores
684 1423 792 1458 non
838 1406 943 1457 nisi
998 1407 1166 1458 certis
1217 1423 1404 1458 versus
1456 1406 1676 1459 sedibus
1727 1407 2003 1473 corripere

0 1467 36 1573 ξ
50 1495 244 1549 solere.
319 1495 431 1550 Sed
465 1514 600 1564 opus
639 1498 744 1550 erit
780 1515 894 1549 rem
931 1502 1107 1550 totam
1134 1498 1309 1550 denuo
1338 1503 1394 1550 et
1419 1498 1735 1551 accuratius
1761 1502 2004 1551 tractare

0 1581 10 1632 ῗ
48 1593 104 1650 et-
140 1589 427 1642 materiam
465 1590 777 1643 universam
814 1590 1109 1643 lectoribus
1147 1607 1471 1658 proponere

52 1736 55 1738 ,
189 1680 516 1748 Priusquam
568 1687 749 1734 autem
807 1682 872 1734 de
920 1688 1094 1735 metro
1148 1683 1385 1750 elegiaco
1436 1700 1675 1748 agamuS‚
1725 1699 1901 1750 pauca
1938 1682 2003 1734 de

0 1754 364 1825 hexametro
414 1774 633 1826 heroico
683 1775 1086 1848 praemittenda
1136 1782 1278 1841 sunt,
1332 1793 1438 1842 quo
1489 1775 1680 1827 melius
1719 1774 1851 1842 quid
1899 1774 2004 1827 dis-

0 1889 8 1925 ρ»
47 1865 290 1927 criminis
342 1866 650 1920 intercedat-
699 1869 838 1919 inter
891 1868 1267 1920 hexametrum
1326 1868 1623 1934 elegiacum
1682 1871 1736 1920 et
1792 1867 2004 1934 epicum

0 1938 304 2024 &cognosci
361 1960 548 2026 possit.
623 1957 729 2026 Qui
788 1960 853 2012 de
910 1961 1188 2013 homerico
1236 1979 1338 2013 usu
1388 1960 1567 2012 adhuc
1619 1959 2006 2027 quaesiverunt

0 2075 2 2077 >
48 2048 311 2102 Hartel
341 2055 396 2103 et
421 2050 471 2105 G
488 2052 724 2104 rulich
743 2051 784 2119 2)
805 2053 1038 2105 maxime
1058 2053 1116 2105 id
1139 2058 1382 2121 egerunt,
1405 2057 1466 2104 ut
1487 2052 1763 2120 quomodo
1785 2051 2004 2104 vocales

51 2141 246 2195 finales
285 2160 426 2210 quae
455 2145 661 2212 corripi
686 2145 1003 2198 viderentur
1027 2145 1466 2212 pronuntiandae
1506 2148 1687 2196 essent
1725 2144 2002 2197 docerent.

46 2231 428 2298 Ostenderunt
475 2236 580 2287 viri
620 2236 766 2290 docti
808 2237 1175 2305 diphthongos
1211 2257 1281 2300 αι,
1315 2257 1378 2303 οι,
1416 2258 1476 2299 ει,
1515 2256 1588 2299 ου,
1626 2256 1680 2288 ευ
1719 2227 2001 2303 aliquanto

50 2327 266 2394 saepius
304 2331 430 2380 ante
471 2327 637 2380 verba
675 2346 708 2381 a
744 2331 921 2382 vocali
952 2330 1270 2397 incipientia
1296 2330 1565 2382 collocata
1603 2327 1805 2395 corripi
1839 2344 2004 2394 quam

49 2419 260 2471 vocales
285 2439 328 2470 ω
357 2440 400 2489 ῳ
430 2440 461 2489 η
486 2441 532 2490 ῃ.
608 2421 810 2474 Hiatus
834 2422 994 2473 huius
1021 2423 1340 2490 generiffiut
1367 2407 1762 2488 significatione
1789 2420 2004 2486 saepius

50 2516 317 2578 usurpata
369 2511 457 2563 hic
504 2519 650 2578 utar,
704 2532 1033 2581 quamquam
1083 2533 1143 2567 re
1189 2532 1315 2566 vera
1363 2514 1547 2565 hiatus
1598 2530 1707 2564 non
1746 2516 1829 2564 est
1847 2512 1887 2575 3)
1939 2542 2001 2549 —

52 2602 302 2654 nonnulli
343 2605 507 2656 etiam
546 2605 818 2658 hiatum
858 2606 1165 2659 debilem
1206 2606 1490 2673 appellant
1521 2637 1580 2644 —
1615 2605 1712 2657 hos
1753 2619 2004 2655 numeros

51 2694 260 2746 invenit
295 2694 525 2748 Grulich
563 2716 616 2765 p.
655 2701 714 2750 4:
765 2705 982 2750 exstant
1035 2699 1283 2766 exempla
1319 2697 1590 2750 vocalium
1630 2692 2006 2763 correptarum

30 2789 334 2848 ἀι;’4429;
375 2806 448 2840 oc:
485 2792 650 2854 20963
687 2809 758 2843 ειε
789 2794 918 2858 506;
955 2810 1041 2843 αυ;
1075 2794 1134 2855 3;
1174 2809 1261 2842 ov:
1290 2793 1421 2854 4893
1464 2807 1543 2841 ευε
1590 2791 1719 2852 103;
1758 2808 1827 2840 ωε
1873 2790 2002 2852 172;

197 2979 244 3032 ¹)‘
266 2977 437 3023 Kaibel
459 2979 717 3024 Philodemi
741 2981 1021 3026 Gadarensis
1043 2982 1376 3037 epigrammata
1407 2980 1563 3034 (index
1585 2979 1726 3022 schol.
1743 2976 2003 3032 Gryphisw.

55 3050 162 3092 aest.
196 3050 640 3114 1885)3p.21V*VI.
670 3079 726 3083 -—
766 3051 897 3095 Diels
936 3052 983 3095 in
1016 3051 1221 3095 Hermae
1261 3052 1349 3095 vol.
1374 3054 1430 3095 23
1460 3067 1502 3107 p.
1525 3053 1608 3094 281
1631 3065 1698 3105 sq.
1727 3099 1731 3106 .
1758 3048 1891 3092 Idem
1933 3047 2004 3090 vir

49 3117 218 3163 doctus
249 3121 296 3162 in
326 3121 602 3166 lectionibus
634 3124 691 3166 de
721 3124 868 3179 poetis
899 3122 1054 3178 lyricis
1085 3124 1255 3167 habitis
1287 3124 1344 3167 de
1365 3138 1414 3166 re
1437 3123 1604 3166 docere
1635 3122 1764 3172 solet,
1797 3119 1872 3162 cui
1901 3131 2003 3177 per-

52 3189 249 3232 multum
279 3191 438 3236 debeo.

196 3260 233 3315 ²)
267 3262 433 3306 Hartel
464 3265 759 3310 Homer-iselae
792 3264 988 3308 Studien
1017 3263 1069 3306 II
1101 3264 1332 3319 (Berichte
1362 3265 1442 3308 der
1463 3263 1645 3309 Wiener
1665 3261 1811 3307 Akad.
1841 3259 1930 3302 vol.
1947 3259 2002 3300 76

46 3343 97 3385 P·
114 3331 198 3374 328
218 3335 336 3388 sqq.)
369 3337 415 3377 et
443 3334 524 3378 III
555 3337 659 3392 (vol.
684 3338 737 3378 78
768 3352 811 3393 p.
829 3336 1014 3390 7sqq.);
1047 3335 1100 3378 O.
1123 3335 1316 3377 Grulich
1348 3336 1404 3378 de
1427 3334 1625 3389 quodam
1655 3335 1806 3376 hiatus
1836 3342 2004 3386 genere

57 3403 348 3455 quaestiones
378 3405 427 3449 in
458 3406 651 3450 Homeri
683 3407 962 3450 carminibus
991 3406 1231 3449 institutae
1263 3406 1388 3461 (diss.
1416 3406 1572 3460 inaug.
1606 3405 1739 3448 Halis
1774 3403 1915 3457 1876).

167 3473 235 3527 ³)
268 3474 415 3531 Quae
439 3477 635 3521 Grulich
673 3493 716 3534 p.
751 3479 807 3520 20
828 3491 891 3531 sq
923 3477 1077 3532 ponit,
1127 3477 1260 3519 nihili
1300 3481 1417 3520 sunt.
1488 3476 1554 3520 Cf.
1598 3476 1752 3520 Christ
1793 3474 2001 3518 Metrik²

46 3545 81 3602 ’ξ
113 3546 194 3589 186
225 3549 272 3589 et
300 3547 397 3591 232.
457 3547 605 3592 Recte
635 3548 796 3592 Boekh
827 3548 884 3591 de
913 3548 1069 3591 metris
1098 3548 1290 3592 Pindari
1319 3564 1364 3604 p.
1389 3549 1481 3591 102.
