2372 4108
1129 287 1472 335 ..63-

324 451 475 516 1349,
515 447 720 502 Simon.
750 447 812 502 O.
838 449 955 512 145,
987 451 1013 500 1
1055 447 1143 517 (cf.
1182 449 1297 521 129,
1330 452 1389 514 1;
1434 448 1551 514 146,
1575 450 1636 514 1;
1679 448 1797 514 147,
1825 450 1908 513 5);
1944 440 2313 517 Λιγυαωάδη4

321 540 433 595 Sol.
457 543 540 606 20,
564 542 625 605 33
660 536 923 610 Εὐριπίδη
949 538 1052 591 Ion
1086 542 1149 605 5;
1189 537 1446 607 Sophocl.
1481 541 1612 606 4,1;
1647 537 1917 593 Addaeus
1955 541 2006 607 9,
2035 542 2095 605 1;
2133 535 2280 592 Her·

314 631 539 685 mesian.
580 635 629 693 3,
664 634 731 684 67
767 630 853 697 (cf.
894 629 1138 700 Thucyd.
1175 650 1219 685 v.
1263 630 1342 701 l);
1376 630 1616 684 Λεωνίδα
1650 629 1856 686 Simon.
1908 629 1971 687 Ο.
2008 632 2094 698 95,
2118 633 2147 684 1
2187 629 2279 696 (cf.

314 722 490 777 Leon.
530 722 654 777 Tar.
696 726 781 790 91,
810 727 880 789 5).

458 841 698 911 Quintus
736 842 970 912 denique
1018 860 1114 912 pes
1159 844 1214 896 in
1251 849 1486 913 utraque
1534 844 1678 898 thesi
1715 844 1926 898 hiatum
1962 859 2280 915 concessum
2326 851 2327 854 ’

313 934 510 1003 habet3
562 954 687 989 nam
736 936 884 1006 quod
931 935 1078 1006 apud
1123 937 1538 1006 antiquissimos
1585 937 1795 1006 primae
1833 935 2008 991 thesis
2052 935 2279 1007 nullum,

314 1027 544 1082 alterius
579 1045 748 1082 unum
786 1029 1094 1098 exemplum
1132 1034 1345 1097 exstat,
1397 1046 1606 1083 merum
1643 1046 1832 1083 casum
1870 1044 1987 1083 esse
2025 1033 2280 1100 apparet,
2327 1079 2329 1081 ,

315 1121 362 1175 si
396 1121 670 1176 rationem
696 1120 964 1176 habemus
999 1139 1123 1177 cum
1148 1120 1478 1188 Mimnermi,
1514 1120 1751 1190 Solonis,
1792 1121 2137 1192 sequentium
2160 1125 2280 1177 tum
2325 1121 2338 1168 ’ν

311 1213 622 1268 homericae
641 1214 1072 1269 consuetudinis.
1110 1212 1236 1268 Non
1255 1215 1696 1283 praetermittam
1719 1213 1899 1269 dicere
1919 1212 2064 1269 hunc
2082 1212 2281 1284 pedem

316 1306 481 1361 etiam
521 1307 696 1376 magis
736 1325 899 1376 quam
940 1309 1199 1378 quartum
1246 1305 1540 1361 verborum
1574 1306 1778 1361 formas
1812 1306 1870 1361 in
1902 1326 1959 1363 αι
1990 1306 2280 1363 amavisse.
2331 1303 2334 1305 Δ

455 1426 927 1498 Interpunctione,
971 1434 1034 1483 ut
1070 1429 1176 1483 hoc
1204 1446 1422 1499 quoque
1462 1445 1567 1482 non
1596 1428 1965 1498 neglegamus,
2003 1428 2282 1499 correptio

310 1520 522 1575 vocalis
551 1521 750 1592 longae
771 1521 859 1575 vel
888 1520 1216 1592 diphthongi
1242 1521 1538 1576 adiuvatur
1563 1538 1686 1575 raro
1723 1522 1779 1575 in
1805 1521 1948 1576 thesi
1981 1520 2127 1576 alter
2153 1538 2280 1592 ape-
2335 1572 2340 1583 ⁷,

314 1613 399 1668 dis
438 1614 603 1683 primi
640 1618 696 1668 et
722 1614 916 1683 quinti,
951 1630 1216 1683 persaepe
1246 1614 1306 1668 in
1336 1614 1529 1670 eadem
1565 1614 1710 1669 thesi
1748 1613 1905 1685 pedis
1934 1613 2122 1684 quarti
2150 1618 2280 1670 ante
2335 1653 2339 1661 1-

305 1723 594 1761 caesuram
650 1704 975 1760 bucolicam.
1070 1705 1342 1764 Versuum
1399 1708 1544 1763 enim
1601 1711 1703 1763 250
1772 1707 1866 1777 qui
1926 1704 2006 1761 ibi
2064 1704 2280 1762 hiatum

306 1799 641 1870 dactylicum
663 1798 1019 1866 admiserunt,
1057 1800 1502 1869 interpunctione
1522 1800 1771 1868 graviore
1796 1798 2117 1854 inciduntur
2156 1801 2277 1868 132,

307 1892 345 1946 i.
387 1910 430 1947 e.
468 1891 594 1962 plus
630 1891 859 1945 dimidia
894 1896 1071 1961 parte.
1125 1891 1287 1962 Quod
1325 1909 1447 1947 cum
1484 1910 1594 1948 non
1628 1893 1808 1948 minus
1845 1891 1994 1963 apud
2023 1892 2279 1963 antiquos
2344 1968 2347 1969 ⁷

303 1984 408 2040 fiat
446 2002 611 2055 quam
647 1984 795 2054 apud
831 1985 1164 2039 recentiores
1204 1983 1427 2056 (Gallin.
1465 2018 1525 2027 —
1572 1984 1816 2055 Theogn.
1853 1985 1910 2039 A
1946 1987 2179 2054 34:65),
2214 2002 2279 2041 eo

310 2079 484 2148 magis
523 2079 580 2132 in
622 2078 898 2133 sententia
934 2083 1128 2133 nostra
1165 2079 1653 2149 perseverabimus,
1702 2095 1813 2133 non
1857 2076 1956 2134 illo
2003 2076 2170 2134 modo
2217 2082 2283 2134 ut

310 2171 514 2226 Hartel
565 2176 620 2225 et
657 2169 894 2226 Grulich
944 2172 1239 2226 voluerunt
1286 2172 1533 2227 vocalem
1583 2188 1727 2243 quae
1779 2171 1982 2242 corripi
2030 2169 2282 2226 videatur

311 2282 436 2319 cum
500 2263 675 2319 vocali
744 2265 1066 2335 insequente
1133 2265 1583 2335 pronunciatione
1651 2263 1957 2320 arctissime
2023 2263 2282 2335 coniungi
2343 2249 2347 2252 .

311 2357 528 2413 debere.

453 2478 653 2533 Restat
688 2483 750 2533 ut
787 2478 854 2532 de
891 2483 1234 2549 pentametro
1271 2478 1566 2534 dicendum
1594 2478 1682 2536 sit.
1758 2478 1827 2533 In
1863 2496 1973 2549 quo
2004 2478 2278 2549 legitimas
2354 2501 2356 2504 ’

312 2571 521 2627 vocalis
548 2571 928 2641 corripiendae
950 2572 1108 2626 sedes
1137 2572 1288 2627 solos
1313 2572 1547 2641 primum
1568 2577 1623 2626 et
1650 2575 1911 2642 quartum
1931 2570 2128 2641 pedem
2166 2589 2283 2628 esse

312 2681 472 2720 nemo
512 2681 624 2719 non
662 2663 870 2721 videbit
906 2681 1200 2735 omnesque
1237 2682 1425 2719 versus
1463 2664 1558 2718 ubi
1596 2664 1735 2720 haec
1777 2663 1868 2719 lex
1915 2662 2154 2719 violetur
2183 2670 2285 2721 aut
2354 2667 2356 2671 ’

312 2759 532 2813 vitiatos
565 2760 664 2812 aut
716 2758 931 2827 spurios
969 2756 1264 2813 ducendos.
1342 2757 1486 2813 Sunt
1534 2762 1717 2812 autem
1768 2774 1958 2812 versus
1993 2758 2050 2813 in
2084 2756 2283 2829 quibus
2355 2772 2358 2774 ·

313 2856 601 2921 peccatum
639 2853 740 2918 est,
778 2850 863 2905 hi:

318 2969 529 3041 Theog.
572 2974 678 3025 270
715 2969 809 3042 (o)
847 2970 1018 3042 mim]
1052 2968 1273 3044 δ’·ὲχθρή
1312 2969 1459 3040 ὁμῶς
1494 2976 1709 3042 γίνεται,
1748 2971 1882 3026 ἔνθα
1913 2963 2081 3043 neeri

388 3095 455 3103 —
570 3067 673 3118 932
712 3061 803 3130 (C)
841 3061 1023 3131 οὐδείς,
1056 3059 1119 3136 ἢν
1159 3063 1232 3135 μή
1272 3061 1372 3135 ὁρᾷ
1409 3063 1654 3136 χρήματα
1689 3064 1975 3132 λειπόμενα

318 3157 510 3214 Simm.
549 3157 733 3212 Rhod.
775 3161 858 3224 18,
887 3160 918 3210 2
957 3156 1102 3224 (VII
1140 3160 1232 3226 60)
1269 3155 1477 3211 ἐνθάδε
1501 3166 1666 3211 κεῖται
1701 3155 1833 3227 ἀνὴρ
1868 3160 2019 3222 θεῖος
2060 3154 2282 3227 Ἀριστο-

320 3341 656 3411 Xenophan.
695 3346 743 3409 6,
785 3346 815 3395 3
855 3342 1014 3413 φασὶν
1041 3340 1360 3411 ἐποικτεῑραι
1391 3343 1475 3396 καὶ
1506 3342 1622 3397 τόδε
1659 3250 1868 3414 {Zac
1899 3341 2030 3408 ἔπος

320 3433 528 3503 Theog.
570 3438 671 3488 226
712 3432 802 3499 (O)
837 3438 912 3503 τῷ
948 3433 1006 3487 δὲ
1042 3434 1382 3494 δολοπλοκίαι
1418 3435 1621 3502 μᾶλλον
1657 3433 1873 3490 ἄπιστοι
1910 3431 2050 3490 ἅδον.

464 3576 650 3647 Atque
689 3577 753 3630 de
792 3574 1021 3631 Simmia
1058 3576 1277 3649 quidem
1316 3577 1491 3631 omnis
1539 3576 1779 3647 suspicio
1819 3576 2040 3635 sublata
2083 3582 2168 3633 est
2214 3578 2278 3647 ei,
2355 3643 2357 3646 Α
