2372 4108
1110 287 1465 337 -60-

299 445 466 500 semel
490 444 847 512 trochaicum,
885 445 1015 499 inde
1049 445 1193 498 hunc
1230 445 1485 499 illicitum
1513 463 1634 500 esse
1660 446 1917 516 colligis?
1952 445 2128 500 Recte
2157 447 2265 502 hoo

298 538 509 591 faceres
548 537 594 591 si
631 537 917 591 ducenties
954 543 1082 606 post
1119 537 1370 605 alteram,
1409 538 1576 593 semel
1614 544 1743 608 post
1788 539 2025 608 primam
2063 539 2266 597 thesim

296 630 515 683 hiarent
548 630 964 698 epigrammata.
1041 628 1136 682 Ab
1173 629 1368 683 eadem
1404 631 1640 700 opinone
1666 631 1808 684 falsa
1834 633 1991 701 quasi
2028 632 2141 686 iam
2173 631 2264 686 de·

295 727 606 775 monstrata
641 721 920 791 profectus
955 721 1119 775 etiam
1154 721 1423 790 Meleagri
1471 722 1741 791 quosdam
1778 722 1931 777 locos
1967 741 2076 778 non
2114 727 2265 779 recte

296 819 501 868 tractat
545 813 753 868 Kaibel
804 820 860 868 et
904 814 1331 868 controversiam
1381 814 1448 868 de
1500 815 1819 884 Antipatris
1870 815 2131 871 dirimere
2176 802 2264 871 004
2367 858 2372 872 .

291 911 458 959 natur
477 910 533 971 ¹).

439 997 550 1052 Sed
584 1004 648 1052 ut
696 998 786 1051 hic
836 998 1083 1067 paullum
1136 1000 1504 1054 consistamus
1555 1018 1663 1069 quo
1703 1001 2081 1070 pervenimus,
2130 1018 2264 1056 sane
2364 1012 2372 1080 ’ζ

295 1089 589 1143 observare
625 1090 755 1145 licet
793 1092 940 1161 apud
988 1092 1258 1161 elegiacos
1295 1093 1481 1147 hiatus
1529 1092 1844 1146 trochaicos
1881 1091 2055 1147 multo
2104 1110 2265 1164 supe·
2367 1114 2372 1147 ῑ

293 1182 409 1236 rari
444 1182 750 1252 dactylicis,
828 1182 974 1238 Nam
1026 1186 1171 1239 ratio
1210 1186 1356 1239 inter
1389 1203 1649 1239 numeros
1709 1185 2000 1255 utriusque
2047 1185 2263 1254 generis
2367 1195 2372 1262 ζ

294 1277 699 1344 correptionum
729 1276 1091 1345 intercedens,
1131 1296 1271 1347 quae
1297 1278 1555 1331 nimirum
1588 1278 1678 1331 hic
1709 1295 1930 1348 quoque
1954 1295 2086 1332 casu
2114 1276 2267 1347 apud

293 1368 539 1439 singulos
573 1370 788 1423 variare
820 1368 1055 1437 videtur,
1092 1376 1193 1438 est,
1230 1377 1294 1424 ut
1324 1371 1490 1424 etiam
1513 1371 1604 1424 hic
1636 1376 1827 1440 poetas
1858 1369 2266 1440 quadripartito

295 1461 677 1529 distineamus‚
720 1465 877 1530 1:9,5
899 1466 969 1531 2),
1021 1466 1048 1515 1
1072 1466 1214 1532 :4,3‚
1252 1466 1436 1530 1:4‚4‚
1493 1467 1681 1531 1:2,3,
1723 1481 1848 1518 cum
1884 1461 2033 1532 apud
2057 1461 2266 1517 Home-

300 1571 422 1607 rum
458 1554 747 1609 vacillaret
779 1555 926 1610 inter
966 1559 994 1607 1
1020 1574 1031 1608 z
1058 1558 1135 1623 l,'7
1169 1562 1226 1611 et
1253 1560 1280 1609 1
1305 1576 1315 1609 :
1339 1560 1387 1610 2.

442 1646 564 1714 Age
604 1665 928 1716 quaeramus
963 1666 1110 1702 nunc
1149 1649 1215 1703 de
1252 1650 1556 1704 hexametri
1597 1648 1822 1704 sedibus
1858 1646 2104 1716 singulis.
2177 1646 2267 1701 Ac

295 1738 361 1792 de
411 1739 589 1807 primo
628 1739 851 1808 quidem
912 1740 1051 1810 pede
1108 1742 1164 1795 in
1222 1743 1376 1796 cuius
1430 1744 1575 1798 thesi
1630 1748 1865 1811 utraque
1917 1740 2104 1794 hiatus
2141 1756 2265 1808 per-

293 1831 631 1899 mittebatur,
671 1831 809 1885 nihil
848 1839 932 1887 est
969 1833 1120 1903 quod
1149 1834 1491 1889 adnotemus.
1568 1834 1783 1890 Contra
1819 1833 1892 1888 ad
1928 1832 2128 1887 thesim
2154 1832 2264 1901 pri·

293 1942 439 1979 mam
488 1924 649 1994 pedis
700 1925 932 1980 alterius
986 1926 1164 1980 hiatui
1214 1926 1428 1980 aditum
1470 1945 1580 1981 non
1634 1927 1804 1981 fuisse
1853 1927 1973 1980 iure
2021 1923 2265 1979 affirma·

291 2018 490 2086 bimuS,
531 2035 654 2071 cum
683 2017 798 2071 illic
833 2019 1108 2073 neminem
1133 2025 1419 2088 poetarum
1458 2019 1826 2087 elegiacorum
1863 2017 2265 2086 correptionem

293 2110 397 2165 sibi
433 2110 730 2165 indulsisse
778 2110 1060 2165 videamus
1110 2129 1286 2180 usque
1337 2111 1410 2165 ad
1442 2111 1947 2166 Alexandrinorum
1996 2114 2263 2178 tempora,

291 2204 550 2273 locosque
602 2202 740 2256 duos
799 2221 866 2256 ex
909 2204 1006 2257 illa
1063 2203 1401 2272 Theognidis
1449 2209 1608 2274 parte
1657 2203 1856 2257 dubiae
1910 2201 2041 2256 fidei
2095 2217 2265 2271 quam

292 2296 481 2351 littera
515 2294 562 2350 C
601 2295 1031 2365 significavimus
1085 2297 1286 2366 quibus
1323 2297 1456 2352 solis
1492 2297 1740 2366 legatur,
1789 2300 1942 2350 certo
1987 2298 2087 2348 aut
2139 2309 2262 2348 cor·

293 2394 488 2459 ruptos
540 2406 659 2443 esse
713 2393 810 2442 aut
846 2390 1062 2458 spurios
1111 2390 1230 2444 iure
1267 2389 1681 2444 contendemus.
1757 2388 1925 2444 Sunt·
1949 2393 2136 2442 autem
2179 2402 2262 2443 vv-

428 2507 525 2557 95:
564 2505 800 2568 τοιοῦτός
830 2523 912 2558 τοι
939 2503 1144 2573 ἑταῖρος
1179 2500 1311 2575 ἀνὴρ
1347 2504 1504 2574 φίλος
1537 2501 1653 2557 οὔτι
1682 2500 1811 2571 μάλ’
1848 2500 2040 2565 ἐσθλός

299 2601 355 2651 et
391 2599 527 2650 459:
568 2593 679 2649 οὐδ’
719 2594 940 2667 ἄγκυραι
976 2595 1192 2662 ἔχουσιν·
1232 2593 1576 2667 ἀπορρήξασα
1610 2595 1667 2649 δὲ
1702 2593 1885 2662 δεσμά.

296 2708 572 2779 Quoniam
607 2710 665 2763 in
700 2727 749 2763 v.
776 2712 882 2763 459
914 2709 1079 2764 lectio
1118 2727 1228 2763 non
1268 2709 1575 2778 depravata
1610 2709 1824 2764 videtur
1860 2725 1997 2775 esse,
2039 2723 2262 2761 carmen

293 2807 544 2858 457—60
578 2820 613 2856 a
648 2808 816 2872 poeta
852 2801 1166 2871 Megarensi
1207 2803 1523 2856 abiudicare
1571 2820 1679 2856 non
1726 2802 1931 2858 dubito.
2022 2800 2263 2856 Carmen

295 2915 426 2951 vero
469 2896 619 2966 quod
655 2894 859 2964 legitur
885 2913 967 2949 vv.
1004 2899 1217 2949 93—96
1255 2914 1378 2950 cum
1413 2895 1599 2949 stilum
1637 2893 1975 2963 Theognidis
2022 2893 2262 2965 prodere

295 2989 576 3057 videatur,
616 2987 909 3042 videndum
946 2989 1191 3057 possitne
1230 2987 1447 3042 medela
1484 2987 1753 3042 adhiberi.
1814 2986 2043 3042 Conicio
2075 2991 2262 3041 autem

294 3099 485 3136 vocem
521 3086 604 3135 τοι
642 3098 676 3134 a
708 3080 937 3135 librario
964 3081 1202 3150 quodam
1235 3081 1485 3136 additam
1511 3098 1629 3135 esse
1659 3081 1891 3135 lacunae
1921 3077 2261 3150 supplendae

446 3238 480 3291 ¹)
510 3237 693 3282 Pendet
732 3251 789 3281 ex
829 3235 1052 3281 Kaibelio
1094 3236 1328 3281 Susemihl
1358 3235 1767 3295 Litteraturycsch.
1798 3235 1826 3280 1
1864 3250 1911 3294 p.
1940 3237 2026 3281 866
2064 3238 2163 3282 not.
2182 3237 2259 3292 ⁷43
2321 3258 2327 3268 ·

297 3316 457 3353 contra
489 3309 547 3353 de
576 3309 772 3353 veritate
801 3308 926 3352 illius
956 3307 1164 3358 Kaibelii
1194 3308 1451 3353 sententiae
1479 3308 1695 3353 dubitare
1724 3308 1912 3353 videtur
1925 3306 2261 3353 'Stadtmueller

294 3379 420 3425 Berl.
443 3379 562 3437 phil.
603 3378 969 3435 Wochemchm'ft
998 3380 1109 3424 1892
1137 3394 1181 3437 p.
1201 3380 1300 3424 235.

440 3457 480 3514 ⁹)
511 3457 645 3503 Haec
683 3457 850 3502 raritas
889 3458 1117 3502 trochaici
1148 3457 1300 3503 hiatus
1331 3471 1450 3516 quae
1479 3458 1605 3516 apud
1634 3458 1972 3503 vetustissimos
2002 3469 2102 3502 ease
2130 3455 2257 3502 vide·

296 3531 441 3582 retur,
483 3542 619 3573 causa
651 3529 755 3582 suit,
788 3542 871 3573 cur
900 3527 959 3572 ab
990 3528 1083 3573 illis
1112 3529 1340 3587 originem
1369 3542 1478 3574 suae
1507 3528 1765 3574 severitatis
1795 3527 2135 3573 Callimachum
2162 3529 2257 3572 tra·

296 3599 418 3644 xisse
448 3598 622 3645 Kaibel
651 3603 852 3657 putaret.
