2372 4108
857 242 1211 291 ...33—

54 418 139 454 vv.
181 399 336 469 301]ss
371 404 727 468 praeceptum
765 400 899 453 dant
936 401 1232 468 sapientiae
1270 405 1382 454 tam
1419 401 1646 469 divinae,
1684 405 1747 455 ut
1785 419 1884 471 ego
1923 420 2007 455 me

57 509 166 545 non
202 491 515 560 perspicere
556 491 751 544 fatear.
827 491 1078 560 Namque
1121 499 1184 546 ut
1230 493 1393 546 verba
1432 493 1497 546 de
1534 493 1703 546 servis
1743 498 1797 546 et
1829 494 2008 562 operis

55 584 243 652 aliquo
279 583 440 636 modo
484 583 714 651 intelligi
762 589 1023 652 possunt,
1073 584 1151 637 ita
1183 602 1291 637 non
1332 584 1399 638 de
1437 584 1628 636 vicinis
1669 602 1805 652 quos
1845 590 2010 652 poeta

59 674 256 728 acerbe
308 679 362 727 et
413 675 640 727 comiter
680 676 911 728 tractari
965 675 1133 729 iubet.
1206 675 1332 729 Hoc
1372 681 1425 729 et
1461 676 1608 744 quod
1644 692 1831 728 vocem
1871 694 1922 744 q.
1963 695 2007 729 e.

52 763 323 834 ἄρπαλέος
357 765 610 834 primitus
647 766 704 818 in
741 766 919 819 locum
956 767 1283 833 inferiorem,
1324 785 1433 820 non
1470 767 1802 835 superiorem
1841 768 2009 835 scrip-

55 862 170 911 tam
207 861 450 926 apparet,
493 875 577 910 me
619 864 840 911 movent
878 863 940 911 ut
976 877 1053 913 vv.
1085 861 1237 929 301s2
1277 859 1561 928 pai-odiam
1600 876 1716 911 esse
1754 876 2008 911 versuum

55 949 185 1002 libri
219 953 267 1015 β,
311 967 417 1002 non
456 950 704 1016 vicissim,
744 967 843 1018 pro
882 955 1032 1003 certo
1068 950 1330 1004 affirmem
1349 952 1402 1019 ¹).

201 1041 280 1095 Ut
317 1042 554 1094 breviter
606 1059 746 1110 quae
787 1042 966 1095 adhuc
1004 1043 1295 1095 statuimus
1335 1042 1671 1110 colligamuS,
1723 1060 2005 1110 quoscum-

53 1150 165 1201 que
199 1132 349 1185 locos
390 1134 593 1187 similes
620 1134 974 1201 contemplati
1011 1152 1212 1199 sumne,
1252 1134 1435 1202 opinio
1470 1133 1567 1186 illa
1600 1133 1667 1186 de
1702 1133 2008 1187 imitatione

54 1228 113 1277 et
150 1223 385 1292 parodia
438 1242 579 1276 vana
629 1225 899 1293 deprensa
951 1231 1050 1278 est.
1124 1224 1325 1278 Dices:
1367 1225 1433 1277 de
1472 1224 1694 1291 singulis
1732 1225 1866 1277 locis
1903 1224 2009 1277 for-

41 1322 203 1375 ‚tasse
239 1317 554 1380 concedam,
594 1316 691 1369 sed
729 1334 994 1368 summam
1029 1310 1294 1384 respicere
1333 1321 1570 1384 oportet,
1611 1322 1775 1383 atque
1809 1316 2007 1369 librum

54 1414 230 1462 totum
282 1409 417 1461 locis
473 1414 683 1461 scatere
740 1410 834 1475 qui
885 1408 1085 1475 legenti
1134 1409 1334 1461 librum
1383 1409 1616 1476 primum
1666 1409 1721 1459 in
1774 1414 2007 1461 mentem

55 1505 312 1554 revocent
368 1516 474 1552 non
527 1499 768 1567 negabis,
856 1500 937 1552 At
980 1500 1116 1552 nihil
1165 1500 1289 1553 inde
1340 1500 1606 1567 sequitur.
1694 1499 2009 1553 Similitudo

52 1593 200 1646 enim
239 1609 399 1659 quam
437 1591 607 1665 habet
645 1591 922 1659 appendix
957 1609 1076 1644 cum
1114 1591 1254 1644 libro
1289 1611 1338 1657 oe,
1376 1608 1483 1644 non
1521 1591 1692 1643 maior
1730 1597 1812 1644 est
1847 1610 2010 1659 quam

0 1672 1 1686 ¹
52 1701 196 1753 quae
241 1686 296 1735 in
346 1683 485 1735 libro
539 1685 714 1750 primo
766 1684 884 1751 ipso
934 1684 1077 1735 inter
1126 1682 1428 1750 permultos
1480 1683 1634 1735 locos
1691 1681 2000 1734 intercedit.

55 1774 218 1844 Quod
244 1780 425 1827 autem
457 1775 676 1827 omnino
715 1775 1016 1827 similitudo
1056 1775 1194 1827 libro
1226 1778 1263 1842 β
1293 1792 1412 1827 cum
1446 1774 1626 1842 priore
1665 1774 2011 1827 intercedens

42 1866 322 1938 cernitur,
377 1883 508 1919 casu
545 1867 752 1919 factum
792 1873 874 1920 est
920 1872 973 1920 et
1019 1867 1310 1935 iniquitate
1345 1871 1681 1934 temporum,
1734 1884 1842 1934 qua
1887 1883 2009 1934 per-

54 1977 284 2026 magnus
324 1976 582 2011 numerus
631 1976 880 2012 versuum
920 1957 1395 2026 Theognideorum
1433 1959 1586 2011 nobis
1625 1964 1869 2011 servatus
1910 1964 2008 2025 est,

53 2069 163 2104 non
214 2051 344 2103 item
396 2049 628 2116 Oallini,
683 2050 1030 2115 Archilochi,
1084 2050 1333 2118 Tyrtaei,
1395 2051 1730 2114 Mimnermi,
1779 2049 2007 2104 Solonis.

53 2141 210 2209 Quos
258 2147 453 2210 poetas
504 2142 549 2194 si
597 2144 842 2207 integros
893 2141 948 2192 in
998 2142 1249 2195 manibus
1299 2142 1623 2195 haberemus
1673 2147 1769 2194 aut
1815 2143 2009 2195 saltem

53 2234 315 2287 maiorem
352 2238 568 2302 partem
605 2250 876 2298 versuum,
927 2250 1033 2285 non
1075 2233 1264 2287 dubito
1300 2234 1429 2302 quin
1468 2251 1724 2287 numerus
1763 2234 2008 2287 locorum

51 2326 315 2378 similium
365 2331 419 2378 et
472 2326 890 2393 congruentium
939 2327 1096 2393 quasi
1137 2327 1192 2378 in
1245 2327 1570 2378 immensum
1623 2331 1914 2392 augeretur
1951 2332 2006 2378 et

54 2416 233 2469 omnis
271 2416 368 2469 illa
399 2417 544 2471 falsa
586 2419 769 2486 opinio
811 2418 1115 2471 tolleretur.

195 2507 396 2561 Altera
434 2527 603 2562 causa
650 2527 759 2578 qua
797 2510 1098 2562 adversarii
1138 2508 1464 2561 sententiam
1504 2526 1658 2560 suam
1696 2509 2008 2561 confirmari

52 2599 413 2667 arbitrantur,
467 2606 551 2653 est
595 2601 743 2669 quod
795 2601 1029 2655 disticha
1077 2606 1195 2654 tota
1234 2600 1362 2652 libri
1414 2601 1602 2668 primi,
1669 2602 1712 2653 si
1770 2618 1908 2668 quae
1952 2602 2007 2653 in

39 2689 292 2759 ἐλεγείων
327 2697 364 2758 β
395 2698 720 2760 repetuntur
740 2694 808 2759 2),
856 2695 934 2746 ita
984 2692 1255 2746 collocata
1307 2710 1425 2744 esse
1474 2692 1784 2758 videantur,
1838 2698 1900 2744 ut
1954 2695 2005 2744 in

39 2799 270 2835 -sensum
309 2785 576 2837 eroticum
614 2785 933 2853 accipienda
972 2786 1095 2851 sint,
1152 2802 1269 2837 cum
1310 2785 1386 2836 eis
1424 2785 1675 2852 primitus
1716 2783 1849 2834 nihil
1889 2800 2006 2850 ero-

37 2874 150 2927 'tici
198 2876 355 2940 insit3
407 2877 549 2928 unde
601 2878 773 2943 magis
827 2877 1042 2930 elucere
1093 2875 1448 2943 appendicem
1501 2893 1637 2943 opus
1683 2893 1800 2927 esse
1846 2877 2005 2927 unius

52 2966 156 3018 viri
194 2968 288 3034 qui
327 2967 595 3036 syllogam
645 2974 889 3021 nostram
934 2971 1166 3036 primam
1200 2969 1256 3019 in
1294 2966 1544 3019 manibus
1583 2967 1853 3019 habuerit.
1932 2966 2008 3020 Ut

53 3056 241 3110 Hiller
259 3057 301 3127 3)
349 3065 570 3126 poetam
618 3066 778 3128 putat
817 3078 939 3113 cum
974 3079 1052 3113 vv.
1089 3059 1276 3127 1101]ss
1315 3063 1440 3127 post
1476 3077 1555 3110 vv.
1594 3062 1728 3111 1275
1754 3062 1874 3110 -78
1910 3059 2007 3111 ite-

201 3242 236 3296 ¹)
268 3241 399 3285 Haec
431 3242 571 3284 etiam
601 3241 855 3298 Hartungii
885 3243 1111 3286 sententia
1145 3246 1214 3286 est
1244 3242 1324 3298 (ad
1354 3258 1397 3286 v.
1429 3243 1547 3296 301).

198 3311 235 3368 ²)
268 3311 479 3355 Disticha
517 3312 566 3355 in
606 3312 726 3356 libro
771 3317 804 3365 β
840 3314 1008 3356 iterata
1040 3314 1233 3356 collecta
1275 3313 1415 3355 habes
1447 3312 1571 3367 apud
1603 3311 2007 3355 Schneidewinum

42 3381 84 3450 ¹l,
116 3397 153 3426 c.
184 3398 228 3439 p.
260 3384 327 3427 37.
391 3383 458 3426 Cf.
491 3382 700 3426 Oorsenn
730 3398 773 3439 p.
805 3385 988 3436 35—37‚
1021 3383 1243 3428 Schaefer
1274 3398 1317 3439 p.
1348 3385 1404 3426 33
1435 3397 1548 3437 sqq„
1582 3383 1732 3426 Cauer
1752 3382 1870 3425 Phil.
1897 3383 2005 3425 1891

89 3488 97 3496 .
130 3452 214 3496 542
243 3467 263 3495 s
331 3485 339 3493 .

53 3467 85 3508 p
197 3523 235 3579 ⁸)
266 3467 428 3568 illilzhrb.
458 3523 499 3578 f.
530 3523 663 3567 klass.
700 3523 819 3569 Phil.
852 3525 960 3573 1881
993 3538 1035 3580 p.
1054 3525 1151 3567 450.

1727 3596 1753 3636 3
