2372 4108
853 257 1205 306 -19-

197 411 470 467 Versuum
528 415 870 480 sequentium
927 417 1114 484 179180
1170 415 1437 468 confiteor
1491 433 1702 469 sensum
1764 436 1848 471 me
1897 435 2005 471 non

50 504 348 572 percipere.
398 503 686 572 Quomodo
713 507 854 559 enim
879 513 1256 575 paupertatem
1293 508 1584 576 quisquam
1611 508 1798 576 fugere
1824 514 2009 577 potest

52 612 154 663 per
190 613 338 649 mare
367 601 652 663 terrasque
703 598 932 651 errans?
983 599 1067 652 De
1122 616 1255 652 cura
1293 599 1396 652 hoc
1435 600 1545 653 dici
1593 606 1815 669 poterat
1866 618 2006 668 quae

54 685 203 754 apud
250 685 549 740 Horatium
600 694 787 753 (carm.
830 694 878 757 2,
933 695 1015 757 16,
1071 695 1135 743 21
1180 709 1258 759 sq.
1312 694 1360 756 3,
1406 695 1452 758 1,
1500 694 1566 743 37
1607 710 1686 759 sq.
1725 699 1825 746 sat.
1867 696 1914 758 2,
1958 696 2004 755 7,

55 778 182 846 115)
218 778 487 833 hominem
527 798 622 848 per
657 799 803 834 mare
841 787 896 835 et
931 788 1108 836 terras
1136 784 1398 851 sequitur,
1435 801 1541 836 non
1567 784 1634 836 de
1663 787 2003 851 paupertate.

50 867 311 937 Intelligo
349 877 532 924 autem
569 873 699 940 quid
744 875 896 927 notio
946 876 1112 928 maris
1152 881 1206 929 et
1243 881 1423 929 terrae
1462 894 1509 928 V.
1566 880 1665 927 179
1715 875 1820 928 sibi
1857 875 2005 940 velit,

52 978 175 1014 cum
226 978 412 1015 versus
464 967 564 1016 175
616 971 670 1017 et
723 969 823 1017 176
874 967 1133 1034 adspicio.
1218 967 1350 1020 Jam
1400 967 1579 1019 facere
1628 984 1737 1020 non
1783 984 2006 1035 possum

54 1054 185 1120 quin
218 1072 298 1106 vv.
343 1056 533 1124 179180
570 1062 849 1124 suspectos
895 1057 1125 1111 habeam
1180 1065 1236 1112 et
1282 1063 1469 1127 putem
1519 1060 1757 1127 aliquem
1794 1063 2006 1112 senten-

52 1144 188 1198 tiam
245 1145 452 1215 elegiae
510 1149 681 1201 totius
738 1166 844 1202 uno
903 1150 1142 1203 disticho
1195 1150 1479 1203 includere
1532 1150 1842 1204 studentem
1896 1168 2006 1204 non

53 1235 325 1291 distichon
359 1240 650 1307 genuinum
688 1241 1067 1310 desumpsisse,
1120 1242 1215 1295 sed
1254 1260 1320 1295 ex
1357 1259 1455 1295 suo
1494 1242 1771 1296 distichon
1806 1259 2007 1295 novum

51 1331 420 1398 composuisse
471 1333 713 1385 eiusdem
768 1335 1070 1400 argumenti
1090 1335 1132 1398 1)
1179 1335 1505 1401 nomineque
1546 1333 1714 1403 Cyrni
1768 1351 2006 1400 ornasse,

50 1424 112 1473 ut
152 1422 389 1489 speciem
428 1423 765 1491 Theognidei
815 1426 1079 1479 retineret
1099 1426 1160 1494 2).
1235 1426 1396 1478 Haec
1442 1428 1717 1480 sententia
1764 1445 1887 1480 mea
1942 1443 2006 1480 eo

51 1512 181 1564 mihi
220 1513 575 1568 confirmatur
606 1517 756 1584 quod
791 1535 873 1571 vv,
920 1519 1071 1587 11718
1107 1518 1298 1571 eodem
1337 1518 1496 1571 modo
1538 1536 1603 1571 ex
1639 1537 1720 1571 vv.
1760 1522 2006 1570 119-28

51 1605 290 1659 confecti
327 1623 446 1659 esse
485 1608 764 1674 videntur,
818 1609 931 1662 scil.
971 1611 1237 1678 propriis,
1288 1628 1398 1663 non
1437 1609 1776 1679 Theognidis
1822 1610 2005 1664 verbis

51 1697 120 1751 ab
158 1715 222 1751 eo
264 1698 609 1765 conformati,
651 1701 743 1768 qui
791 1719 1016 1768 gnomas
1051 1701 1431 1768 Theognideas
1469 1703 1539 1754 ad
1570 1701 1800 1755 formam
1841 1720 2006 1770 quam

48 1789 444 1857 brevissimam,
483 1792 516 1843 i.
558 1810 599 1846 e.
638 1794 962 1860 monelegia,
1000 1793 1251 1846 redactas
1282 1793 1541 1861 colligere
1568 1793 1747 1847 vellet.
1803 1793 2004 1847 Obser-

47 1882 227 1935 vanda
257 1888 339 1936 est
375 1883 541 1936 etiam
580 1883 756 1937 forma
793 1885 1015 1937 distichi
1053 1884 1120 1937 de
1161 1902 1269 1952 quo
1308 1885 1491 1953 agitur
1532 1886 1702 1954 11718,
1743 1903 1882 1953 quae
1923 1892 2007 1939 est

48 1974 291 2042 pessima
330 1979 384 2028 et
421 1977 507 2028 cui
551 1977 653 2028 viri
694 1976 841 2029 docti
889 1976 1068 2029 adhuc
1106 1976 1313 2029 frustra
1363 1975 1566 2029 mederi
1616 1977 1926 2031 studuerint
1946 1978 2005 2044 3).

191 2065 317 2119 Non
365 2067 527 2120 aliter
578 2068 809 2136 denique
847 2069 1082 2122 fortasse
1136 2086 1223 2122 res
1274 2086 1331 2120 se
1371 2068 1540 2121 habet
1591 2068 1658 2121 de
1694 2071 2002 2137 monelegio

49 2160 204 2228 33516
246 2164 300 2211 et
338 2160 511 2228 elegia
551 2163 851 2226 401-406,
905 2161 1260 2228 quamobrem
1310 2166 1433 2227 post
1476 2179 1525 2212 v.
1571 2162 1676 2213 406
1729 2162 2003 2215 distichon

46 2250 132 2303 vel
172 2251 407 2304 disticha
459 2269 581 2305 cum
630 2252 846 2305 nomine
899 2251 1066 2321 Cyrni
1113 2253 1459 2306 intercidisse
1510 2255 1740 2308 conicio,
1815 2254 2001 2307 Etiam

45 2343 152 2396 hoc
194 2342 482 2410 distichon,
521 2345 674 2397 cuius
710 2362 836 2412 pars
876 2345 1050 2398 altera
1093 2345 1278 2398 ieiuna
1325 2351 1380 2398 et
1429 2345 1552 2398 vilis
1606 2350 1714 2411 est,
1763 2346 1902 2398 male
1952 2351 2006 2398 et

49 2435 166 2496 sine
202 2440 321 2489 arte
361 2436 727 2503 compositum
769 2442 852 2488 est
888 2441 951 2489 ut
988 2437 1095 2490 duo
1133 2437 1229 2490 illa
1262 2442 1458 2490 cetera.

191 2526 403 2582 Contra
442 2527 799 2581 fundamento
839 2529 1097 2580 carminis
1136 2527 1475 2597 Theognidei
1515 2532 1705 2581 carent
1739 2546 1818 2582 vv,
1851 2530 2004 2596 14718

53 2619 146 2685 (cf.
205 2637 372 2688 supra
427 2639 478 2689 p.
543 2623 644 2684 13).
738 2619 955 2672 Primus
1013 2620 1155 2672 enim
1209 2637 1398 2673 versus
1448 2620 1800 2688 proverbium
1856 2620 2003 2688 apud

49 2710 294 2766 Graecos
345 2712 535 2764 tritum
589 2713 828 2764 continet
876 2712 1026 2779 quod
1075 2713 1241 2766 etiam
1284 2713 1430 2781 apud
1477 2712 1821 2781 Phocylidem
1860 2712 2002 2779 lege-

44 2802 225 2870 batur,
283 2803 427 2856 alter
483 2803 641 2856 nihili
695 2808 778 2855 est
835 2821 1010 2871 neque
1068 2805 1175 2857 nisi
1224 2804 1293 2856 ad
1347 2804 1620 2857 distichon
1671 2804 2002 2871 explendum

45 2993 118 3024 vv.
148 2980 349 3023 237—54
376 2980 434 3023 ab
466 2979 735 3037 Theognide
765 2980 1024 3034 abiudicat,
1069 2980 1178 3035 quia
1217 2980 1288 3023 bis
1331 2980 1560 3024 sententia
1593 2980 1652 3023 ad
1681 2980 2003 3024 hexametrum

45 3052 313 3107 sequentem
341 3053 562 3094 transeat.
621 3049 744 3094 Vide
774 3066 815 3096 v.
847 3053 916 3105 64,
949 3052 1044 3100 184,
1079 3052 1202 3105 1198,
1233 3052 1303 3094 22.

193 3122 228 3176 ¹)
260 3120 494 3164 Adhibuit
533 3125 688 3165 autem
731 3122 814 3165 ille
852 3136 945 3165 non
979 3135 1060 3165 suo
1090 3125 1300 3178 tempore
1330 3120 1578 3165 formulam
1607 3121 1902 3174 homericam,
1945 3120 2002 3164 cf.

46 3190 237 3236 Renner
267 3190 599 3236 Formelwesen
628 3207 673 3248 p.
703 3194 758 3236 29
788 3207 832 3236 n.
863 3195 905 3236 9.

190 3262 229 3318 ²)
260 3262 437 3306 Contra
465 3277 536 3307 vv.
570 3263 696 3319 18112
733 3263 890 3306 malim
931 3266 1098 3319 putare
1128 3276 1185 3306 ex
1216 3263 1306 3306 alia
1334 3261 1621 3318 Theognidis
1661 3260 1811 3317 elegia
1840 3261 2003 3304 similis

36 3334 186 3387 ⁸atque
219 3333 418 3376 173—78
450 3335 713 3389 argumenti
744 3333 945 3390 propriis
975 3337 1143 3390 poetae
1173 3333 1326 3376 verbis
1357 3335 1588 3377 extractos
1618 3345 1727 3376 esse.

189 3402 227 3459 ³)
258 3403 412 3447 Etiam
442 3403 663 3461 Hartung
704 3418 748 3459 p.
779 3405 863 3448 261
905 3403 1135 3448 distichon
1177 3403 1386 3460 spurium
1424 3403 1612 3448 iudicat.
1656 3402 1851 3446 .Sitzler
1892 3402 2002 3444 arti-

47 3472 205 3517 ficiose
245 3488 315 3519 vv.
359 3475 513 3532 179180
550 3475 598 3518 in
640 3489 824 3519 carmen
862 3475 1163 3525 antecedens,
1202 3489 1274 3519 vv.
1309 3474 1434 3530 11718
1462 3476 1510 3517 in
1541 3486 1726 3517 carmen
1757 3473 2003 3528 insequens

45 3542 247 3588 inserere
278 3547 471 3588 conatus
502 3549 583 3598 est,
614 3545 700 3589 hoc
729 3559 821 3589 non
852 3546 951 3590 sine
982 3546 1252 3602 sagacitate,
1282 3544 1399 3588 illud
1428 3544 1565 3592 male.

1691 3614 1742 3656 2*
