2372 4108
1105 261 1453 310 -.10-.

303 421 626 488 scriptorum
651 421 983 475 confidentia
1010 426 1064 473 et
1089 421 1402 473 aestimatio
1421 421 1504 474 sui
1524 421 1593 474 ab
1614 421 1925 475 hominibus
1946 426 2275 477 nostrorum'

305 519 607 581 temporum
647 514 825 566 aliena
877 512 1022 581 apud
1062 514 1318 580 antiquos
1363 530 1473 565 non
1512 513 1732 566 insolita
1769 518 1868 567 est.
1944 513 2069 583 Qua
2100 514 2161 567 in
2196 531 2258 568 re

303 606 436 659 satis
484 612 568 659 est
618 605 684 658 de
734 604 912 656 Ennio
962 604 1134 673 (apud
1185 602 1299 657 Cic.
1349 604 1508 660 Tusc.
1562 605 1593 658 I
1636 609 1715 672 15,
1772 608 1861 673 34)
1915 610 1973 659 et
2020 605 2282 664 Horatio,

303 706 474 764 (carm
514 697 576 749 ΙΙ
615 701 697 763 20,
739 687 834 749 III
869 700 934 748 30
958 696 1013 761 ¹),
1053 695 1139 750 IV
1178 697 1229 763 3)
1270 697 1580 772 adm-onere.
1646 696 1766 752 Nec
1800 698 1977 751 minus
2006 704 2259 766 perverse

304 796 472 857 agunt
520 790 614 857 qui
667 806 885 842 carmen
938 789 992 841 in
1046 787 1181 840 duas
1227 787 1312 841 vel
1351 792 1462 840 tres
1500 787 1810 843 dilacerant
1843 796 2044 859 partes.
2094 788 2258 847 ‚Her-

304 899 481 947 mann,
534 882 807 948 Hartung,
856 880 1098 934 Leutsch
1136 880 1364 950 (Philol.
1401 879 1624 933 XXIX
1658 899 1709 949 p.
1754 885 1857 935 680
1890 888 1995 951 sq.)
2031 882 2258 937 alteram
2300 935 2306 939 .

305 974 533 1041 elegiam
566 991 613 1026 v,
641 976 743 1026 246
778 973 1130 1040 concludunt,
1170 973 1399 1027 alteram
1435 974 1590 1026 cuius
1627 973 1843 1026 initium
1881 975 2141 1028 amissum
2167 974 2258 1041 sit,

303 1065 428 1118 inde
467 1084 499 1118 a
537 1084 581 1118 v,
623 1067 724 1118 247
763 1066 1003 1134 incipere
1042 1065 1244 1119 volunt.
1324 1065 1531 1120 Versus
1569 1071 1754 1119 autem
1794 1071 2067 1120 extremos
2103 1068 2259 1137 25314

304 1156 547 1210 Leutsch
593 1158 648 1209 in
701 1156 831 1211 sede
882 1175 981 1211 sua
1025 1158 1309 1227 relinquit,
1355 1158 1614 1227 Hartung
1662 1164 1790 1227 post
1838 1161 1942 1212 246
1991 1157 2257 1224 adnectit,

306 1249 586 1302 Hermann
625 1255 686 1302 ut
728 1250 952 1303 tertium
990 1250 1355 1318 fragmentum
1402 1251 1652 1305 secludit.
1726 1251 1809 1304 At
1843 1268 2070 1320 prorsus
2119 1250 2259 1306 falso

303 1347 426 1410 post
464 1360 509 1395 v.
549 1345 651 1394 246
699 1342 778 1395 illi
811 1341 1087 1408 incidunt,
1135 1361 1260 1396 cum
1299 1344 1467 1397 mirus
1507 1349 1651 1398 esset
1694 1361 1869 1411 casus,
1922 1345 1968 1397 si
2019 1344 2262 1398 carmina

303 1434 478 1487 aliena·
517 1435 597 1487 ita
641 1436 695 1487 in
748 1454 915 1489 unum
967 1435 1330 1499 coaluissent,
1383 1439 1458 1490 ut*
1490 1437 1655 1491 verba
1701 1436 1928 1490 alterius
1977 1436 2261 1507 aptissime

304 1527 534 1580 alterum
575 1529 902 1596 exciperent.
980 1527 1175 1597 Neque
1210 1530 1535 1583 sententiam
1572 1530 1654 1583 bis
1680 1530 1972 1599 repetitam
2002 1528 2259 1594 concede,

304 1637 427 1672 cum
466 1619 651 1688 Bergk
689 1639 769 1673 νν.
811 1624 1058 1675 237-43
1085 1621 1155 1674 ad
1180 1621 1411 1689 gloriam
1438 1621 1610 1690 Cyrni
1641 1623 1762 1686 vivi,
1801 1639 1986 1676 versus
2025 1638 2259 1691 sequen·

300 1717 382 1765 tes
429 1712 499 1765 ad
552 1715 751 1767 mortui
801 1714 1076 1782 pertinere
1117 1713 1380 1768 docuerit.
1452 1713 1539 1768 Ne
1588 1715 1892 1784 loquacitas
1940 1713 2160 1783 quidem
2194 1720 2263 1771 ,et

301 1804 591 1858 verborum
629 1806 790 1875 copia
829 1806 1043 1875 aliquid
1082 1806 1203 1858 miri
1240 1805 1405 1860 habet
1440 1813 1632 1876 utpote
1672 1825 1812 1875 quae
1851 1807 2068 1876 saepius
2114 1805 2262 1876 apud

302 1904 521 1967 poetam
559 1903 806 1951 nostrum
857 1904 1112 1953 occurrat
1130 1899 1186 1968 2).
1259 1898 1514 1969 Exempli
1559 1918 1724 1954 causa
1774 1918 1852 1954 vv.
1887 1902 2101 1954 43—52
2145 1914 2261 1952 ver·

303 1991 435 2045 bose
473 1993 805 2060 compositos
857 1990 1058 2059 affer0,
1104 1993 1200 2045 ubi
1250 2009 1333 2047 vv.
1370 1995 1440 2045 49
1490 1996 1547 2046 et
1598 1997 1666 2045 50
1718 1993 1915 2048 Sitzler
1962 1992 2101 2046 adeo
2150 2008 2290 2046 non-

303 2085 419 2137 iure
470 2084 787 2153 proscribit,
851 2091 915 2139 ut
964 2085 1021 2137 in
1068 2085 1134 2138 iis
1184 2085 1366 2154 potius
1418 2087 1697 2155 proprium
1748 2092 1947 2155 poetae
1997 2083 2262 2154 quiddam

302 2177 708 2245 agnoscendum
748 2178 835 2231 sit.
911 2177 1125 2247 Nempe
1175 2195 1283 2231 non
1320 2195 1449 2232 raro
1484 2179 1771 2233 enuntiato
1810 2177 2136 2232 secundario
2180 2178 2262 2230 in·

304 2271 412 2339 cipi
468 2270 742 2337 videmus,
797 2271 1060 2339 primario
1116 2272 1298 2341 pergi,
1357 2270 1744 2324 secundarium
1801 2270 2037 2324 alterum
2088 2269 2265 2339 priori

303 2363 552 2417 similiter
589 2363 993 2417 conformatum
1027 2363 1267 2432 adiungi.
1346 2364 1427 2418 Ut
1463 2380 1544 2416 w.
1573 2367 1784 2417 93—96
1825 2380 1962 2432 quos
1996 2363 2262 2431 genuinos

304 2454 496 2510 iudicO.
575 2456 786 2509 Eodem
824 2457 1067 2526 pertinet
1105 2456 1252 2526 quod
1288 2463 1453 2526 poeta
1486 2475 1533 2509 v.
1573 2461 1639 2510 37
1678 2457 1848 2510 iterat
1890 2454 2041 2525 quod
2077 2472 2156 2510 w.
2193 2458 2259 2509 31

304 2553 359 2601 et
411 2551 476 2601 32
531 2548 762 2603 dixerat.
853 2531 1062 2603 Versus
1110 2549 1346 2618 denique
1403 2551 1561 2619 253s4
1611 2566 1718 2603 non
1771 2532 1938 2604 male*
1967 2547 2039 2602 ad
2096 2547 2264 2602 verba

306 2641 691 2695 antecedentia
727 2642 927 2696 adnexi
963 2642 1095 2695 mihi
1134 2642 1354 2711 quidem
1386 2642 1658 2696 videntur.
1731 2641 1954 2695 Etenim
1990 2644 2157 2710 poeta
2192 2641 2263 2694 ad

305 2735 667 2802 pertinaciam
718 2739 773 2787 et
820 2735 1061 2788 animum
1117 2736 1396 2805 ingratum
1456 2735 1615 2804 pueri
1670 2734 1878 2803 optime
1935 2732 2266 2788 illustranda

305 2844 543 2894 quonam
592 2826 753 2880 modo
794 2827 985 2880 melius
1021 2827 1278 2897 progredi
1312 2833 1546 2896 poterat,
1586 2844 1750 2895 quam
1790 2826 2061 2895 explicato
2099 2842 2265 2895 quam

307 2918 442 2971 bene
494 2918 562 2971 de
612 2936 675 2971 eo
725 2920 952 2973 meritus
1004 2926 1150 2975 esset
1200 2938 1428 2989 pergere
1475 2919 1652 2973 verbis
1698 2917 1910 2972 acerbis
1956 2917 2067 2972 illis
2121 2936 2173 2987 q.
2220 2935 2262 2971 s.

307 3006 472 3080 αὐτάρ
511 3009 615 3079 ἐγώ
652 3008 761 3065 οὐδ’
790 3009 968 3083 ὀλίγης
1003 3011 1147 3067 eto?
1187 3012 1343 3082 Quae
1377 3029 1501 3066 cum
1540 3013 1619 3065 ita
1657 3012 1783 3078 sint,
1814 3015 1992 3064 totam
2030 3010 2263 3079 elegiam

455 3202 487 3256 ¹)
520 3201 625 3247 Hoc
666 3217 850 3260 quoque
891 3218 1077 3248 carmen
1117 3203 1176 3248 ad
1216 3203 1480 3261 exemplum
1520 3202 1751 3248 Graecum
1796 3202 1951 3247 redire
1990 3213 2047 3246 ex
2088 3200 2300 3263 Critiae„

308 3273 361 3339 fr.
386 3275 412 3316 7
444 3279 766 3330 argumentum
798 3275 948 3319 simile
980 3275 1230 3319 exhibente
1262 3275 1473 3319 conicere
1504 3274 1627 3319 licet.
1685 3331 1688 3333 ι

449 3359 483 3409 ⁹)
517 3359 706 3403 Cruaius
739 3360 764 3405 l.
798 3374 835 3405 c.
868 3376 912 3418 p.
933 3362 1046 3405 627:
1088 3361 1156 3405 Es
1195 3360 1261 3405 ist
1289 3360 1385 3406 dies
1419 3360 1526 3416 ,fene
1555 3359 1625 3405 bei
1658 3359 1883 3418 Theognis
1920 3358 2004 3404 wie
2033 3356 2102 3402 bei
2143 3355 2267 3402 allen

303 3430 610 3487 yriechischen
650 3431 894 3489 Eleqikern
939 3432 1012 3487 oft
1049 3446 1109 3477 zu
1149 3431 1473 3477 beobachtemzc
1503 3430 1833 3488 Fortfi‘a‘hruny
1872 3429 1949 3475 dee
1992 3427 2267 3475 Gadaum

303 3500 374 3545 ‘in
407 3500 739 3558 Spirallinieu’.
