2372 4108
915 278 1260 327 -13-

111 438 438 494 cedentibus
489 439 711 503 seiungo
763 454 885 489 cum
935 436 1132 504 quibus
1182 435 1320 488 nihil
1370 452 1652 487 commune
1692 434 1958 501 habeant,
2012 440 2065 488 et

107 531 295 586 scribo
330 530 538 591 τόσσους
573 528 635 581 οὔ
670 526 719 594 χ’
752 525 921 596 εὕροις
939 529 998 598 ¹).

253 621 446 690 Neque
501 620 709 672 maiore
775 620 893 673 iure
949 636 1112 672 unam
1167 618 1397 684 elegiam
1454 617 1562 683 legi
1628 616 1758 668 mihi
1817 616 2062 683 persuasi

110 733 192 767 vv.
219 715 480 778 145-48‚
520 729 657 779 quos
695 716 820 778 post
839 710 1178 763 Brunckium
1218 710 1399 762 denuo
1433 707 1613 776 Bergk
1651 706 2061 775 conglutinavit.

110 805 334 859 Etenim
383 821 570 856 versus
618 803 778 872 primi
830 806 1185 870 praeceptum
1240 800 1389 868 quod
1437 817 1600 867 saepe
1640 799 1881 852 occurrit
1917 799 2063 865 apud

106 894 483 964 Theognidem
520 894 818 960 continent,
859 893 974 946 scil.
1012 897 1399 960 paupertatem
1428 909 1548 944 cum
1580 891 1855 959 probitate
1893 890 2062 942 multo

109 992 392 1056 praestare
432 1003 596 1054 quam
637 985 854 1037 divitias
891 985 1090 1036 iniuste
1120 991 1324 1051 partas,
1388 982 1596 1037 Contra
1631 1002 1712 1036 vv.
1753 982 1906 1051 147J8
1945 1000 2062 1036 sen—

107 1079 339 1143 tentiam
367 1077 674 1146 generalem
714 1076 780 1129 de
807 1076 1019 1129 iustitia
1047 1075 1320 1141 exhibent,
1362 1080 1526 1143 atque
1550 1093 1875 1142 quamquam
1907 1092 2062 1127 versu

109 1171 209 1239 -qui
244 1176 326 1224 est

425 1252 478 1305 ἐν
514 1253 570 1305 δὲ
607 1250 899 1321 δικαιοσύνῃ
934 1250 1217 1322 συλλήβδην
1253 1249 1387 1304 πᾶσ’
1424 1249 1583 1323 α’ρετή
1620 1250 1746 1304 ’στιν

114 1381 356 1435 concedo
392 1385 518 1449 apte
555 1380 707 1448 pergi
746 1379 1006 1447 potuisse,
1047 1379 1156 1430 iam
1196 1396 1383 1431 versus
1416 1382 1517 1431 148
1542 1379 1756 1446 longius
1795 1397 1828 1431 a
1864 1397 1922 1432 re
1948 1382 2065 1432 tota

110 1472 338 1526 recedit.
427 1472 626 1539 Itaque
673 1475 898 1540 propter
945 1471 1119 1523 solum
1173 1469 1399 1523 verbum
1451 1468 1644 1533 ἀδίκως
1681 1471 1788 1524 duo
1831 1470 2066 1524 disticha

109 1581 398 1633 perperam
435 1565 727 1617 coniuncta
766 1580 882 1615 esse
920 1561 1055 1614 mihi
1091 1562 1363 1628 videntur,
1403 1563 1548 1615 inter
1586 1580 1728 1631 quae
1767 1563 2063 1615 similitudo

111 1674 222 1710 non
262 1656 366 1708 nisi
404 1655 634 1708 fortuita
670 1654 994 1707 intercedat.
1059 1653 1224 1722 Quod
1255 1654 1440 1722 Bergk
1464 1655 1534 1706 ad
1558 1656 1882 1708 sententiam
1911 1672 2063 1707 suam

114 1747 542 1800 confirmandam
593 1746 664 1798 ad
715 1746 1044 1798 scholiastae
1096 1746 1364 1813 quosdam
1415 1747 1741 1799 Aristotelis
1783 1750 2063 1812 provocat,

107 1839 314 1908 quippe
372 1840 464 1907 qui
520 1856 708 1891 versus
759 1839 1074 1890 coniunctos
1121 1838 1381 1905 legerint,
1442 1855 1539 1904 ego
1590 1838 1688 1890 hos
1738 1842 1906 1889 testes
1957 1853 2064 1887 non

112 1949 258 1985 curo,
335 1930 478 1983 Nam
517 1949 639 1983 cum
680 1930 942 1998 syllogam
994 1930 1134 1982 hanc
1182 1947 1321 1996 quae
1373 1929 1529 1982 nobis
1573 1930 1628 1980 in
1678 1927 1927 1980 manibus
1966 1933 2062 1991 est,

110 2023 222 2075 iam
256 2028 381 2075 ante
423 2028 661 2076 aetatem
702 2022 1139 2074 Alexandrinam
1178 2021 1381 2073 factam
1418 2020 1710 2073 verisimile
1748 2021 1821 2072 sit
1846 2021 1904 2089 ²),
1955 2037 2063 2073 non

107 2114 312 2166 mirum
348 2113 498 2182 quod
537 2113 870 2166 scholiastae
921 2113 1154 2166 eundem
1193 2131 1355 2180 quem
1391 2130 1491 2164 nos
1530 2111 1774 2164 ordinem
1810 2130 2063 2164 versuum

113 2209 488 2274 reppererunt.
579 2204 791 2257 Locum
845 2204 1075 2272 denique
1134 2205 1480 2257 Isocrateum
1535 2204 1723 2270 Bergk
1776 2221 2063 2272 perperam

109 2297 320 2363 attulit,
371 2301 559 2365 utpote
613 2297 706 2364 qui
752 2296 888 2348 nihil
936 2297 1005 2348 ad
1054 2314 1170 2349 rem
1209 2297 1498 2364 pertineat.
1582 2296 1786 2351 Verum
1831 2302 1956 2349 utut
1996 2296 2063 2348 de

110 2392 231 2440 tota
269 2390 591 2455 quaestione
628 2388 979 2454 iudicabitur,
1036 2406 1123 2441 res
1163 2389 1338 2454 magis
1378 2387 1615 2441 elucebit
1650 2388 1773 2441 loco
1810 2388 2063 2441 inferiore

115 2479 211 2533 ubi
244 2479 421 2532 denuo
459 2480 525 2533 de
555 2498 633 2532 vv,
675 2480 827 2550 147ss
861 2498 1085 2547 agemus
1123 2482 1202 2549 (p.
1237 2484 1300 2532 19
1324 2483 1446 2548 sq.).

255 2571 367 2627 Suo
406 2573 524 2625 iure
562 2572 799 2641 denique
835 2591 916 2624 vv.
958 2574 1111 2642 545]ss
1150 2572 1335 2640 Bergk
1371 2590 1405 2648 a
1442 2572 1598 2638 543l4
1628 2572 1864 2638 seclusit,
1905 2590 2060 2639 quem

106 2665 282 2718 secuti
321 2669 448 2718 sunt
484 2664 745 2733 Hartung
782 2670 836 2718 et
874 2665 1075 2720 Hiller.

253 2755 449 2825 Neque
491 2757 690 2809 desunt
728 2774 866 2825 quos
903 2758 1048 2810 inter
1086 2775 1143 2810 se
1184 2755 1594 2824 coniungendos
1646 2755 1840 2807 ducam
1878 2774 2062 2809 versus

108 2864 146 2899 a
183 2847 458 2900 nonnullis
497 2849 628 2901 viris
669 2849 844 2901 doctis
881 2849 1222 2902 dissentiens,
1289 2851 1479 2917 Atque
1514 2848 1715 2900 certior
1753 2852 1835 2899 est
1871 2865 1959 2900 res
1998 2849 2062 2901 de

119 2939 357 2992 versibus
423 2943 669 2992 355-60
734 2958 868 3008 quos
922 2941 1184 3007 Hartung
1246 2946 1302 2993 et
1356 2940 1541 2992 Hiller
1602 2940 1654 2990 in
1706 2957 1875 2990 unum
1937 2957 2061 2992 con-

108 3030 485 3083 cinnaverunt.
559 3031 739 3099 Bergk
769 3032 863 3099 qui
902 3032 1030 3084 olim
1067 3031 1214 3084 idem
1253 3031 1476 3099 fecerat,
1513 3034 1704 3099 postea
1741 3032 2062 3085 sententiam

258 3207 294 3262 ¹)
328 3206 569 3249 Vocabulo
608 3204 687 3258 οὐχ
727 3207 996 3251 dissecando
1040 3207 1319 3263 particulam
1366 3207 1668 3250 necessariam
1711 3208 1759 3247 κέ
1797 3206 2064 3262 recuperari

112 3291 249 3334 posse
291 3277 431 3332 primi
471 3281 807 3334 perspexerunt
846 3292 936 3322 van
975 3279 1059 3321 der
1087 3278 1197 3333 Mey
1237 3293 1281 3334 p.
1304 3279 1360 3321 48
1390 3281 1438 3321 et
1468 3278 1644 3322 Clemm
1674 3276 1836 3321 Jahrb.
1862 3277 1900 3331 f.
1931 3275 2064 3319 klass.

111 3347 237 3392 Phil.
272 3349 381 3391 1883
410 3363 454 3404 p.
481 3350 545 3391 10.

256 3417 294 3473 ⁹)
336 3418 495 3475 Bergk
534 3419 707 3463 Poetae
744 3419 829 3474 lyr.
868 3418 1035 3462 Graec.
1076 3418 1161 3462 ΙΙ4
1201 3434 1248 3475 p.
1278 3420 1362 3462 234
1383 3433 1482 3475 sqq.
1549 3417 1706 3462 Hiller
1745 3419 1775 3462 1.
1808 3433 1844 3462 c.
1888 3431 1933 3472 p,
1964 3418 2061 3469 470,

111 3489 244 3532 cuius
274 3492 430 3532 tamen
461 3490 930 3545 argumentationem,
972 3493 1197 3546 quantum
1239 3489 1446 3546 pertinet
1487 3489 1547 3532 ad
1586 3488 1757 3532 librum
1789 3486 1991 3544 ἐλεγείων
2020 3491 2063 3540 ῥ’,

113 3573 207 3603 non
236 3559 394 3616 probo.
1339 3560 1343 3563 ’
1503 3561 1505 3563 ’
