2372 4108
1152 295 1508 344 -6-·

332 456 443 507 vies
495 453 623 507 Pol
639 471 723 522 yp
743 452 954 518 aidis,
1024 452 1394 519 Theognidem
1445 453 1577 506 mihi
1622 456 1869 522 persuasi
1919 451 2026 508 ho'c
2074 455 2295 510 nomine

332 547 576 615 praefixo
633 546 855 612 elegiam
903 551 965 597 ut
1015 562 1166 597 suam
1217 544 1530 611 significare
1567 544 1824 599 voluisse.
1896 545 2021 600 Hoc
2057 548 2138 600 ita
2176 564 2299 603 esse

334 639 498 691 etiam
540 639 711 704 magis
742 637 866 690 inde
900 637 1115 690 elucere
1143 642 1296 705 puto,
1333 636 1481 703 quod
1519 654 1628 690 non
1662 655 1787 691 raro
1826 639 1880 690 in
1915 656 2024 692 uno
2061 640 2302 694 carmine*
2334 643 2335 646 ’

331 731 438 783 duo
474 736 638 798 poeta
677 729 895 780 nomina
936 729 1152 796 posuit,
1202 728 1352 781 velut
1405 729 1627 782 nomina
1665 727 1833 797 Cyrni
1880 735 1936 783 et
1972 730 2297 801 Polypaidis

332 823 626 875 coniuncta
663 826 886 888 praeter
924 838 1003 873 vv.
1036 823 1245 873 119—26
1280 820 1443 872 etiam
1483 823 1724 887 53—-60,
1781 824 2054 890 183-92,
2101 841 2297 880 nomen

329 912 497 982 Cyrni
538 913 621 965 bis
662 914 904 977 69—72,
949 915 1225 978 173—78,
1273 915 1535 965 323—28.
1607 911 1866 967 Concedo
1909 921 2127 983 poetam
2170 933 2299 971 con·
2355 961 2364 970 .

330 1005 512 1058 silium
580 1022 736 1056 suum
791 1021 898 1056 non
951 1010 1141 1071 aperte
1190 1005 1499 1070 enuntiare,
1551 1005 1645 1058 sed
1697 1023 1795 1059 nos
1845 1007 2004 1074 quasi
2054 1007 2300 1062 divinare
2358 1036 2367 1042 »

330 1096 483 1150 velle.
560 1096 700 1149 Rem
738 1101 921 1148 autem
961 1095 1156 1148 leviter
1193 1097 1521 1165 perstringit
1551 1103 1613 1151 ut
1649 1099 1757 1151 iam
1796 1105 2003 1164 notam,
2041 1102 2107 1151 ut
2143 1097 2215 1151 ad
2241 1097 2300 1151 id

329 1188 617 1257 perveniat
654 1187 800 1255 quod
841 1187 1075 1241 maxime
1117 1189 1166 1242 ei
1212 1188 1365 1242 cordi
1411 1196 1521 1256 est,
1571 1190 1640 1244 ad
1693 1190 1934 1243 animum
1986 1190 2182 1243 civium
2219 1189 2314 1243 in··

330 1287 546 1348 gratum
586 1279 1023 1347 vituperandum.
1102 1278 1517 1335 Obscuritatem
1558 1288 1742 1336 autem
1793 1282 1948 1335 illam
1995 1282 2043 1336 si
2079 1282 2204 1351 quis
2240 1282 2299 1336 in
2370 1335 2372 1338 ,

330 1373 605 1426 sententia
642 1390 765 1425 mea
802 1371 1185 1440 reprehendat,
1225 1373 1431 1426 crimen
1467 1374 1824 1428 obscuritatis
1852 1374 2006 1428 cadit
2037 1375 2209 1428 etiam
2244 1374 2301 1428 in

332 1482 422 1519 eos
474 1466 569 1534 qui
619 1464 951 1518 sententiam
1003 1465 1339 1517 contrariam
1389 1464 1712 1535 sequuntur.
1785 1466 1896 1522 Ubi
1945 1467 2090 1520 enim
2135 1471 2303 1536 poeta.

331 1556 491 1609 dicit:
544 1553 762 1609 ‘Nomen
809 1556 1111 1627 Theoynidis
1163 1559 1371 1628 siynum
1420 1555 1578 1612 esto'?
1652 1558 1828 1613 Immo
1866 1559 1998 1613 hoc:
2058 1556 2303 1630 ‘Siqnum

336 1649 595 1722 quoddam
645 1649 885 1702 adhibebo
935 1667 1034 1719 quo
1081 1652 1322 1703 carmina
1376 1650 1678 1721 leeoym'dis
1729 1654 1954 1722 propria
2002 1647 2303 1731 apparebit’7
2331 1652 2334 1656 ’
2367 1640 2372 1642 ’

330 1738 546 1794 Iniuria
579 1741 749 1809 igitur
780 1742 1044 1810 Hartung
1096 1748 1151 1796 et
1189 1741 1412 1810 Sitzler,
1464 1742 1560 1812 qui
1610 1743 1766 1797 illam
1815 1761 1982 1814 quam
2033 1742 2301 1813 explicavi

330 1834 654 1887 sententiam
694 1835 1072 1903 protulerunt,
1122 1834 1481 1889 obscuritatis
1533 1836 1814 1891 tollendae
1861 1853 2031 1891 causa
2060 1817 2300 1889 'versum

333 1931 400 1979 19
442 1927 899 1995 depravaverunt,
939 1927 1031 1981 ille
1069 1926 1266 1980 audaci
1305 1928 1623 1982 coniectura
1660 1926 1850 1996 (ὄνομα
1886 1946 1986 1999 pro
2018 1927 2116 1996 μὲν
2143 1927 2299 1995 ἐμοί),

331 2019 418 2072 hic
457 2019 790 2073 intolerabili
828 2019 1284 2088 interpretatione
1334 2019 1487 2074 verbi
1531 2019 1718 2091 Κύρνε,
1769 2020 1890 2075 scil.
1938 2019 2001 2074 τὸ
2047 2003 2320 2092 Κύρνε-ἢκ
2368 2075 2372 2078 .

387 2115 390 2118 ’
474 2110 714 2181 Cyrnum
755 2118 956 2178 autem,
1009 2117 1072 2165 ut
1108 2122 1198 2165 res'
1235 2113 1551 2167 notissimas
1589 2131 1729 2182 quas
1767 2119 1952 2167 tamen
1994 2112 2304 2182 praeterire

331 2204 421 2257 hic
457 2222 563 2258 non
603 2205 749 2266 licet,
790 2205 1030 2259 breviter
1067 2222 1471 2281 percurramus,
1510 2223 1626 2259 esse
1659 2222 1856 2259 nomen
1896 2205 2176 2275 proprium
2217 2221 2303 2260 eo·

334 2313 440 2365 que
506 2297 771 2367 appellari
841 2316 1069 2367 puerum
1127 2297 1403 2366 quendam
1457 2297 1700 2352 nobilem
1755 2297 2139 2365 Megarensem
2191 2296 2306 2377 fere
2367 2339 2372 2372 ἐ

333 2406 521 2443 omnes
565 2390 665 2442 viri
703 2388 854 2443 docti
894 2392 1252 2444 consentiunt
1270 2391 1330 2458 2).
1405 2389 1660 2443 Eundem
1700 2407 1817 2444 esse
1854 2388 2097 2459 Cyrnum
2135 2394 2305 2459 atque
2365 2380 2372 2400 ⁴

330 2479 694 2551 Polypaidem
732 2485 1091 2535 vv.183—92
1130 2483 1216 2537 vel
1247 2483 1498 2537 'maxime
1538 2482 1768 2550 docent,
1820 2500 1944 2536 cum
1989 2481 2305 2536 coniunctio
2369 2535 2372 2538 .

334 2592 417 2628 vv.
446 2579 511 2627 25
549 2582 604 2629 et
639 2579 703 2628 57
746 2576 925 2628 minus
970 2582 1126 2629 arcta
1165 2576 1238 2629 sit
1257 2577 1320 2646 ⁸).
1397 2574 1642 2629 Puerum
1681 2580 1868 2629 autem
1906 2591 2026 2630 esse
2058 2572 2307 2644 Cyrnum

484 2748 520 2802 ¹)
553 2746 689 2803 Quod
720 2745 820 2789 iure
850 2745 1014 2790 reiecit
1044 2744 1267 2790 Immisch
1297 2758 1342 2802 p.
1360 2747 1416 2790 95
1445 2745 1552 2790 adn.
1576 2746 1614 2789 1.

478 2817 516 2873 ⁹)
551 2817 769 2862 Welcker
798 2818 958 2873 κύρνος
988 2818 1324 2875 appellativum
1354 2830 1454 2861 ease
1473 2816 1623 2861 voluit
1652 2829 1745 2873 quo
1774 2814 2094 2861 adulescente·
2123 2813 2307 2878 nobiles

334 2888 673 2947 Megarensium
713 2888 1037 2946 significentur
1074 2890 1139 2946 (p.
1178 2886 1437 2941 xxxln).
1510 2887 1660 2948 Quem
1700 2900 1728 2931 a
1765 2886 2122 2932 Schneidewino
2170 2900 2216 2943 p.
2249 2884 2307 2930 55

336 2959 591 3004 refutatum
623 2960 746 3005 aolus
778 2960 951 3005 Sitzler
981 2963 1168 3004 secutus
1200 2948 1275 3003 est⁸
1301 2974 1345 3017 p.
1367 2960 1437 3004 29.
1499 2959 1567 3003 Cf.
1601 2956 1759 3002 Hiller
1789 2973 1834 3019 p.
1855 2959 1954 3003 473.
2295 3016 2299 3018 v

479 3032 512 3084 ⁸)
544 3032 699 3076 Etiam
730 3032 850 3075 hanc
866 3030 1148 3075 sententiam
1168 3045 1260 3075 non
1281 3030 1575 3088 probabilem
1602 3028 1836 3074 Welckeri
1868 3032 1934 3087 (p.
1954 3026 2160 3083 c—cn)
2190 3040 2309 3074 unua
2370 3043 2372 3046 ·

333 3103 501 3147 Sitzler
532 3104 715 3161 accepit
744 3104 889 3160 proll.
933 3118 977 3161 p.
1001 3104 1058 3148 28
1097 3104 1388 3160 argumentis
1428 3100 1645 3159 permiris
1676 3114 1783 3143 usus
1815 3099 2004 3155 (merito
2034 3099 2309 3144 adversatur
2367 3160 2372 3165 ὴ

334 3174 487 3218 Hiller
518 3174 546 3218 l.
579 3190 617 3220 c.
659 3190 705 3232 p.
739 3177 860 3231 473).
913 3174 1123 3220 Eandem
1155 3187 1254 3219 rem
1284 3173 1544 3218 accuratius
1576 3171 1802 3216 tractavit
1830 3170 1879 3215 in
1902 3170 2175 3228 quaestione
2203 3184 2249 3228 q.-
2277 3169 2331 3214 i.·
2367 3199 2372 3235 ⁸·

334 3244 530 3290 Studien
581 3259 687 3290 zum
744 3245 957 3304 Eleyiker
1011 3244 1234 3304 Theognis
1288 3244 1475 3303 (Proyr.
1525 3257 1565 3288 v.
1620 3241 2124 3298 Tauberbiachofaheim
2176 3241 2329 3295 1886)·
2369 3299 2372 3305 Ι

338 3331 379 3373 p.
402 3318 452 3359 15
468 3331 580 3373 sqq„
622 3331 713 3361 non
754 3318 928 3361 maiore
972 3320 1154 3361 eventu.
1220 3316 1342 3360 Vide
1374 3314 1607 3359 Hillerum
1633 3314 1871 3359 Fortschr.
1902 3314 1945 3360 d.
1967 3312 2111 3359 'lalana
2142 3311 2308 3358 Altert.
2366 3340 2372 3367 ,-

339 3388 447 3431 1888
493 3403 535 3444 p.
563 3390 654 3433 139.
698 3414 753 3419 —
795 3387 1100 3445 Polypaidem
1141 3387 1511 3446 patronymicum
1554 3386 1700 3443 Cyrni
1743 3399 1844 3430 eoae
1882 3385 2060 3444 primu·
2102 3381 2309 3428 dilucide

333 3458 659 3503 Schneidewin
692 3459 1030 3504 demonstravit
1060 3462 1121 3516 (p.
1139 3461 1231 3516 50).
1283 3459 1496 3516 Quocum
1527 3471 1674 3515 paene
1705 3470 1863 3502 omnen
1882 3455 2033 3502 hodie
2061 3455 2152 3499 viri
2182 3453 2310 3500 docti

336 3529 537 3581 faciunt,
590 3534 641 3574 ut
687 3529 843 3586 Bergk
887 3530 1277 3588 Literaturyeach.
1320 3526 1373 3573 ῙῙ
1418 3543 1461 3586 p.
1484 3530 1570 3573 820
1609 3527 1713 3572 adn.
1744 3529 1822 3580 85,
1872 3526 1984 3572 Sittl
2029 3526 2188 3573 Gaulo.
2228 3523 2311 3571 dor
2368 3575 2372 3587 ,Α

337 3600 503 3658 ymen.
537 3600 632 3645 Lit.
664 3600 689 3644 1
721 3615 763 3658 p.
781 3603 880 3653 262,
912 3601 1004 3646 ani.
2219 3591 2223 3597 “
2314 3600 2331 3604 ’·
