2372 4108
1105 266 1459 317 ..42-

297 428 419 494 fuit,
458 432 520 481 ιιι
556 427 833 481 hominem
870 426 1187 495 loquentem
1230 443 1324 480 ore
1360 425 1519 481 valde
1556 426 1733 481 hianti
1770 428 2028 497 pinxerit.
2101 429 2260 487 Alte·
2350 422 2352 426 ’

296 537 415 573 rum
466 518 616 587 quod
654 518 935 573 Koehlero
986 517 1157 572 obicit
1194 516 1381 572 Hiller
1424 518 1528 573 hoc
1563 523 1674 587 est,
1727 520 2089 591 superlativos
2138 523 2258 579 eius

296 612 511 680 generis
560 629 684 665 cum
720 610 973 679 genetivo
1012 608 1274 678 partitivo
1312 614 1429 664 tam
1463 610 1756 667 sollemnes
1797 631 1945 676 esse,
1994 619 2057 669 ut
2090 632 2259 671 unus·

296 705 526 773 quisque
575 703 778 771 fingere
815 702 1088 771 potuerit3
1154 702 1511 771 quamobrem
1563 704 1826 772 pictorem
1881 723 1992 760 non
2031 712 2259 776 poetam

292 796 465 850 ullum
531 795 804 865 respicere
870 793 1087 848 debere.
1182 793 1428 864 Collegit
1495 796 1660 849 etiam
1731 798 1976 867 exempla
2029 805 2256 870 septem,

292 887 565 942 κάλλισται
591 888 796 941 παίδων
821 886 1075 952 (Theocr.
1104 891 1187 955 15,
1209 889 1321 958 62),
1349 879 1395 941 ὦ
1415 888 1646 957 βέλτιστε
1673 886 1892 959 ἀνδρῶν,
1931 883 1977 945 ὦ
1999 893 2258 961 βέλτιστοι

289 985 395 1032 τῶν
432 977 689 1051 Ἑλλήνων
726 985 827 1035 etc.
868 997 954 1048 ap.
995 979 1173 1047 Plat.,
1225 972 1270 1034 ὦ
1306 978 1502 1034 κάκιστ’
1537 977 1743 1052 ἀνδρῶν
1780 981 1975 1053 (Soph.
2012 983 2256 1041 Philoct.

292 1072 418 1143 974)
458 1076 561 1127 etc.
653 1070 763 1126 Sed
831 1073 1016 1127 nescio
1074 1072 1347 1141 quomodo
1404 1074 1583 1127 virum
1639 1074 1862 1128 doctum
1920 1074 2114 1146 effugit
2170 1078 2256 1132 his

291 1164 550 1232 exemplis
599 1181 657 1218 se
703 1165 901 1220 refelli.
977 1164 1046 1218 In
1098 1165 1352 1219 omnibus
1389 1166 1533 1220 enim
1582 1167 1866 1235 genetivus
1910 1169 2256 1239 postpositus

292 1261 399 1323 est,
453 1261 516 1309 ut
566 1257 707 1311 hanc
758 1258 978 1312 solitam
1026 1274 1148 1311 esse
1185 1258 1614 1312 collocationem
1652 1260 1968 1328 suspiceris.
2043 1259 2254 1317 Nostro

289 1350 408 1403 solo
456 1349 577 1403 loco
627 1348 767 1416 (scil.
799 1350 855 1402 in
894 1350 1048 1420 vase)
1089 1352 1432 1420 antepositus
1471 1358 1584 1418 est,
1637 1358 1803 1422 atque
1848 1353 1931 1406 ita
1965 1357 2030 1407 ιιι
2063 1370 2255 1409 versus

286 1458 415 1510 pars
468 1441 706 1508 oriatur3
771 1442 1130 1511 quamobrem
1182 1461 1288 1497 non
1336 1461 1559 1513 prosam
1606 1446 1914 1499 orationem
1960 1450 2024 1500 ιιι
2074 1445 2256 1501 Hiller

286 1534 430 1600 vult,
478 1534 577 1588 sed
623 1551 840 1587 versum
887 1536 943 1588 in
992 1540 1188 1603 patera
1238 1540 1453 1590 exstare
1501 1540 1597 1589 tuo
1647 1536 1768 1591 iure
1817 1537 2067 1607 colligas.
2141 1537 2255 1595 Sed

285 1628 394 1680 iam
441 1628 573 1680 satis
625 1626 802 1680 multa
840 1627 909 1680 de
947 1645 1022 1682 re.
1100 1626 1240 1681 Cum
1280 1645 1347 1681 ea
1396 1645 1538 1696 quae
1588 1628 1888 1683 adversarii
1934 1612 2256 1686 obiecerunt

286 1719 422 1772 nihil
455 1719 694 1786 valeant,
734 1720 1067 1773 sententiam
1098 1720 1366 1775 Koehleri
1393 1722 1681 1774 maximam
1709 1721 1913 1776 habere
1948 1722 2251 1791 probabili·

286 1816 458 1866 tatem
496 1828 683 1866 omnes
721 1817 903 1866 mente
941 1830 1051 1866 non
1088 1818 1498 1882 praeoccupata
1542 1813 1849 1868 iudicantes
1888 1831 2251 1871 concessuros

285 1922 464 1974 spero,
523 1903 816 1974 Equidem,
854 1905 999 1974 quod
1026 1905 1098 1959 ad
1126 1923 1227 1972 me,
1269 1905 1400 1958 mihi
1436 1908 1685 1974 persuasi
1722 1907 1991 1975 pictorem
2029 1908 2250 1963 initium

283 2015 470 2051 versus
507 1997 634 2051 libri
669 2002 706 2067 β
741 2001 877 2051 1365
919 1999 1225 2067 scripsisse.
1301 1996 1649 2067 Quamquam
1687 2016 1797 2051 non
1836 2004 1950 2053 tam
1982 2005 2135 2055 certa
2164 2018 2253 2056 res

289 2098 388 2160 est,
427 2095 489 2144 ιιι
530 2108 716 2145 omnes
754 2091 1026 2159 postulem
1060 2090 1205 2144 idem
1241 2107 1561 2159 persuasum
1599 2090 1857 2146 habeant.

426 2183 618 2252 Atque
657 2201 779 2238 cum
813 2183 973 2238 nobis
1012 2183 1149 2238 haec
1186 2183 1448 2253 temporis
1475 2182 1683 2236 indicia
1718 2183 1944 2239 maioris
1980 2203 2098 2241 esse
2134 2204 2248 2242 mo·

282 2277 455 2330 menti
492 2276 799 2343 videantur,
830 2294 998 2347 quam
1036 2294 1174 2347 quas
1208 2276 1504 2330 adversarii
1527 2293 1719 2330 causas
1746 2275 1985 2332 afferunt
2009 2283 2068 2333 et
2093 2263 2252 2349 quasi

282 2369 491 2423 dictata
528 2370 779 2439 magistri
814 2371 1084 2437 recinunt,
1123 2374 1431 2438 perstamus
1468 2370 1525 2421 in
1563 2370 1841 2424 sententia
1879 2366 2088 2438 nostra,
2127 2372 2247 2427 scil.

281 2462 484 2516 librum
521 2467 559 2531 β
603 2481 708 2517 non
759 2462 830 2517 ab
869 2480 978 2517 uno
1016 2462 1236 2516 homine
1287 2462 1551 2531 scriptum
1592 2462 1686 2530 qui
1733 2463 2030 2531 genuinum
2068 2462 2248 2519 Theo·

281 2555 500 2622 guidem
550 2556 795 2610 imitatus
844 2556 917 2609 sit
959 2554 1047 2610 vel
1094 2554 1327 2624 parodia
1379 2554 1739 2623 expresserit,
1803 2556 1969 2609 immo
2014 2555 2248 2611 eandem

282 2665 401 2703 esse
454 2648 837 2703 condicionem
885 2648 1014 2703 libri
1060 2649 1234 2703 nostri
1286 2647 1629 2716 eundemque
1670 2652 1874 2702 statum
1915 2654 2083 2718 atque
2118 2649 2249 2704 libri

279 2742 460 2811 primi,
499 2742 688 2811 itaque
727 2741 1038 2796 confectum
1080 2758 1200 2795 esse
1226 2759 1293 2795 ex
1319 2740 1693 2810 compluribus
1732 2740 2035 2810 fiorilegiis.
2090 2739 2248 2810 Quae

280 2835 555 2888 sententia
606 2834 693 2888 his
745 2835 910 2888 etiam
949 2835 1126 2902 magis
1166 2833 1479 2888 confirmari
1518 2833 1757 2888 videtur:
1816 2833 2093 2889 Nonnulli
2128 2851 2248 2890 ver·

279 2945 370 2981 sus
421 2945 532 2981 non
583 2928 690 2981 nisi
739 2927 1049 2996 fragmenta
1099 2926 1396 2996 elegiarum
1460 2944 1606 2989 nunc
1668 2926 2078 2996 deperditarum
2129 2943 2248 2981 esse

278 3019 560 3087 videntur,
610 3038 690 3073 vv.
722 3022 928 3089 124718,
975 3020 1193 3090 135718,
1246 3019 1357 3072 alii.
1433 3018 1931 3096 Disticha-iterata
1969 3018 2245 3089 quomodo

278 3112 630 3181 interpretari
668 3113 961 3181 possimus,
1000 3130 1164 3182 supra
1199 3111 1407 3165 dictum
1446 3116 1518 3180 (p.
1547 3115 1613 3165 33
1635 3111 1795 3181 sqq.).
1851 3110 2030 3166 Porro
2058 3129 2244 3166 versus

280 3205 587 3274 complures
627 3205 868 3259 eroticos
906 3204 1035 3258 libri
1074 3204 1236 3273 primi
1275 3203 1467 3258 similis
1506 3209 1670 3258 notae
1708 3209 1874 3272 atque
1914 3210 2132 3259 nostros
2177 3221 2244 3259 ex

278 3297 485 3352 eisdem
524 3298 769 3352 fontibus
807 3299 1035 3353 haustos
1075 3298 1335 3363 conicias,
1373 3313 1562 3350 versus
1601 3295 1724 3350 dico
1764 3299 2063 3363 1091—-94‚
2106 3300 2242 3351 1095

278 3394 490 3444 -1100
548 3408 686 3460 quos
748 3391 1158 3460 coniungendos
1222 3406 1417 3444 censeo
1478 3405 1599 3443 cum
1654 3388 1981 3455 WelckerO,
2035 3390 2239 3457 110112.

278 3482 532 3550 Denique
565 3482 908 3536 diversorum
934 3488 1219 3552 poetarum
1245 3499 1441 3536 manus
1468 3481 1791 3548 dignoscere
1819 3480 1964 3535 licet.
2021 3480 2241 3536 Solonis

277 3579 403 3627 suut
442 3576 644 3643 125314.
707 3573 1001 3628 Distichon
1038 3579 1222 3628 autem
1249 3591 1483 3642 sequens
1520 3573 1746 3627 fuerunt
1782 3573 1876 3640 qui
1913 3571 1984 3626 ab
2021 3571 2241 3628 homine
