2372 4108
98 398 215 475 194,
245 398 364 460 220,
397 398 520 459 221)
543 395 602 459 ¹),
642 393 845 461 optime
874 393 1146 460 quomodo
1180 398 1347 460 poeta
1375 392 1787 446 Alexandrinus
1824 412 2042 448 carmen

94 487 229 540 illud
282 486 510 539 ficturus
558 486 726 538 fuerit
775 485 1172 538 demonstrant.
1248 484 1403 552 Quae
1444 502 1565 538 cum
1603 487 1685 539 ita
1734 487 1871 552 sint,
1923 488 2042 541 luce

2 631 4 634 ,
93 579 294 632 clarius
343 582 426 630 est
470 595 687 631 carmen
741 578 887 646 quod
931 578 1133 646 legitur
1178 581 1572 631 vv.1345—5o
1609 580 1884 646 antiquius
1926 597 2044 633 esse

3 674 10 686 ²
93 675 273 725 aetate
300 670 695 732 Alexandrina,
734 671 966 723 fortasse
993 675 1120 723 ante
1155 670 1434 723 saeculum
1470 676 1724 739 quartum
1762 673 2042 739 scriptum.

233 761 394 815 Licet
442 762 674 815 fortasse
722 761 854 814 fines
903 767 1208 830 temporum
1257 764 1540 830 angustius
1579 763 2041 815 circumscribere.

92 854 316 909 Ulricus
352 854 735 923 Koehler2)
771 855 913 908 enim
954 854 1272 907 observasse
1314 855 1417 907 sibi
1450 855 1593 908 visus
1636 860 1719 907 est
1752 856 1807 906 in
1848 861 2045 923 patera

0 971 3 983 =
93 945 279 1014 figuris
316 946 497 998 rubris
537 946 744 999 ordinis
778 948 968 1013 severi,
1010 964 1150 1014 quae
1178 945 1465 1014 Tanagrae
1503 951 1659 999 eruta
1697 953 1796 1013 est,
1830 965 2043 1009 versum

93 1038 434 1092 collectionis
473 1044 696 1091 nostrae
734 1041 870 1091 1365
905 1038 1170 1106 scriptum
1209 1055 1341 1104 esse,
1383 1056 1433 1105 q.
1466 1055 1539 1091 e.:
1590 1030 1645 1090 Ὦ
1671 1039 1876 1091 παίδων
1919 1038 2041 1093 κάλ-

0 1174 4 1175 .
91 1131 228 1184 λιστε
278 1130 364 1182 καὶ
412 1129 738 1199 ἱμεροέστατε
789 1129 1010 1181 πάντων.
1101 1129 1451 1196 Conspicitur
1501 1131 1556 1182 in
1606 1136 1802 1199 patera
1852 1133 1932 1184 vir
1985 1133 2043 1184 in

90 1221 235 1274 lecto
313 1222 578 1274 convivali
657 1222 933 1274 accubans
1002 1221 1241 1290 leporem
1311 1221 1552 1274 mulcens
1629 1254 1691 1259 —
1755 1223 2045 1276 intercedit

91 1318 273 1366 autem
322 1314 532 1382 aliquid
579 1314 752 1382 lepori
792 1332 913 1366 cum
963 1331 1147 1366 amore
1195 1314 1394 1382 puerili
1431 1345 1499 1351 ——
1552 1314 1778 1367 ethaeo
1817 1331 2040 1368 canens:

92 1425 120 1458 ο
166 1405 357 1459 πᾱιόον
398 1407 652 1459 καλλιστε.
742 1405 897 1475 Quae
953 1407 1119 1460 verba
1170 1425 1290 1460 cum
1341 1407 1560 1460 initium
1599 1406 1820 1458 distichi
1866 1407 2042 1459 nostri

93 1498 346 1565 opinetur
412 1498 496 1555 vir
558 1498 752 1551 doctus
814 1504 869 1552 et
925 1500 1152 1567 cylicem
1214 1499 1373 1551 initio
1438 1498 1640 1551 saeculi
1707 1498 1882 1565 quinti
1945 1498 2042 1550 tri-

90 1589 226 1642 buat
274 1594 628 1658 (quamquam
678 1609 762 1644 me
814 1592 1033 1659 quidem
1072 1591 1252 1644 iudice
1290 1608 1464 1658 usque
1503 1589 1575 1642 ad
1614 1589 1891 1642 saeculum
1930 1607 2043 1641 sex-

91 1687 207 1734 tum
259 1683 443 1736 exiens
489 1683 670 1736 redire
716 1688 977 1754 poterat),
1028 1702 1215 1738 versus
1268 1683 1456 1751 1365]ss
1510 1681 1750 1734 affirmat
1795 1701 1828 1734 a
1866 1681 2042 1735 Theo-

92 1774 254 1842 gnide
292 1791 455 1841 posse
495 1775 741 1827 conditos
781 1793 916 1829 esse.
973 1776 1111 1828 Mihi
1152 1776 1371 1843 quidem
1411 1773 1712 1841 disputatio
1751 1774 1866 1826 eius
1905 1773 2043 1825 dilu-

96 1865 218 1918 cide
257 1866 519 1919 instituta
542 1885 768 1935 prorsus
806 1868 1097 1936 persuasit.
1163 1867 1359 1922 Oritici
1398 1871 1581 1919 autem
1610 1867 1704 1932 qui
1730 1865 2042 1917 contrariae

89 1957 262 2024 partis
302 1962 430 2011 sunt
464 1959 596 2026 quid
635 1960 833 2012 mirum
863 1961 1011 2028 quod
1038 1960 1387 2013 vehementer
1423 1961 1731 2026 repugnant
1765 1963 1819 2009 et
1858 1956 2042 2009 obluc-

90 2048 320 2102 tantur?
395 2050 584 2117 Atque
626 2050 873 2105 Gorsenn
906 2052 999 2105 ille
1039 2054 1260 2121 quidem
1308 2051 1505 2105 artifici
1542 2055 1669 2104 ante
1707 2050 1891 2102 oculos
1929 2067 2042 2101 ver-

90 2145 270 2193 satum
321 2159 439 2195 esse
477 2144 678 2196 conicit
715 2161 935 2197 carmen
978 2146 1118 2198 alius
1155 2150 1350 2213 poetae
1399 2143 1756 2212 antiquioris,
1809 2141 2043 2194 fortasse

88 2232 416 2300 Mimnermi,
469 2252 534 2287 ex
571 2253 679 2302 quo
718 2237 906 2290 eodem
945 2241 1174 2305 uterque
1214 2237 1366 2289 locus
1401 2234 1785 2301 Theognideus
1825 2233 2044 2286 effluxe-

89 2326 164 2378 rit
187 2325 245 2394 3).
333 2325 443 2379 Sed
496 2326 660 2379 fidem
717 2328 832 2381 viro
893 2329 1055 2382 docto
1110 2329 1319 2396 denego
1374 2346 1495 2381 cum
1552 2316 1842 2380 consilium
1894 2326 2041 2378 illius

89 2424 440 2486 perspectum
497 2419 747 2480 habeam.
823 2422 900 2474 Et
949 2439 1075 2488 cur,
1133 2422 1180 2474 si
1229 2439 1345 2475 rem
1393 2420 1714 2488 simpliciter
1765 2418 2042 2486 explicare

90 2527 396 2578 possumne,
435 2529 535 2564 nos
572 2512 679 2580 ipsi
717 2513 1080 2581 impediamus
1119 2513 1420 2566 obstaculis
1459 2511 1754 2565 artificiose
1794 2510 2042 2564 obstruc-

87 2602 196 2655 tis?
271 2601 480 2656 Contra
517 2604 702 2657 Hiller
718 2607 762 2673 4)
813 2606 1046 2673 primum
1085 2605 1301 2657 dubitat
1340 2609 1594 2657 cantetne
1634 2604 1715 2655 vir
1753 2603 2042 2655 convivans

89 2711 158 2746 an
193 2695 464 2763 loquatur.
540 2695 705 2750 Certe
743 2702 957 2759 cantat,
1009 2715 1134 2750 nam
1184 2697 1445 2765 quoniam
1493 2696 1774 2763 loquentes
1825 2712 1884 2747 os
1933 2711 2043 2746 non

89 2787 168 2838 ita
203 2787 437 2840 multum
475 2790 777 2857 aperimuS,
829 2807 985 2842 nemo
1037 2788 1185 2857 quod
1227 2789 1394 2841 sciam
1445 2789 1624 2856 pictor
1660 2804 1916 2840 vasorum
1955 2785 2043 2838 fic-

89 2877 280 2944 tilium,
309 2897 416 2947 quo
443 2886 600 2933 erant
628 2880 827 2936 Graeci
854 2880 1056 2934 talibus
1087 2882 1143 2933 in
1170 2880 1332 2933 rebus
1358 2880 1575 2946 iudicio,
1616 2879 1753 2932 adeo
1773 2879 2042 2932 infacetus

236 3098 272 3152 ¹)
302 3096 512 3155 Excepto
542 3112 648 3152 uno,
679 3098 779 3142 XII
808 3101 906 3153 230,
938 3099 1061 3155 quod
1089 3099 1206 3142 nihil
1235 3099 1295 3142 ad
1324 3113 1435 3143 rem.
1467 3099 1618 3142 Couat
1646 3114 1690 3155 p.
1721 3099 1818 3142 281.

234 3167 272 3223 ²)
305 3168 494 3213 Mitteil.
524 3169 600 3214 des
629 3171 779 3215 athen.
803 3169 1027 3215 Instituts
1055 3169 1129 3213 IX
1160 3171 1314 3226 (1884)
1344 3185 1387 3226 p.
1413 3171 1434 3213 1
1458 3183 1570 3225 sqq„
1600 3168 1694 3212 tab.
1719 3170 1740 3212 1
1774 3168 1902 3224 (inde
1923 3167 2042 3211 Bau·

90 3238 280 3281 meister
310 3239 590 3284 Denkmc'iler
619 3240 695 3285 des
723 3241 856 3285 klass.
887 3241 1052 3285 Altert.
1085 3240 1165 3284 III
1198 3256 1239 3297 p.
1274 3241 1415 3297 1984).

131 3359 133 3361 ,
235 3310 272 3365 3)
307 3308 412 3353 Vid.
443 3324 486 3366 p.
517 3312 585 3354 22.
645 3311 753 3355 Hoc
783 3311 905 3355 enim
935 3311 1120 3355 videtur
1149 3312 1304 3355 dicere
1333 3311 1475 3366 velle3
1505 3310 1646 3355 verba
1677 3310 1773 3354 eius
1793 3324 1885 3353 non
1906 3309 2042 3364 plane

88 3381 333 3436 perspicua
360 3384 480 3424 sunt.

71 3449 78 3453 “
230 3451 270 3506 ⁴)
301 3451 560 3497 Jahresber.
602 3452 640 3507 f.
681 3452 815 3497 klass.
856 3452 1022 3497 Altert.
1066 3454 1175 3496 1888
1213 3468 1256 3509 p.
1302 3453 1383 3496 157
1424 3467 1488 3508 sq.
1532 3479 1582 3484 —
1615 3451 1687 3495 De
1727 3452 1927 3508 imagine
1967 3463 2037 3506 ap.

89 3519 328 3565 Kleinium
357 3521 657 3579 Euphronios
685 3539 730 3580 p.
761 3525 817 3567 98
847 3527 984 3568 errat.
