2372 4108
892 258 1246 308 ..23-

93 433 269 485 pauca
303 415 470 471 verba
506 417 805 484 requirunt.
883 416 1002 469 Hos
1046 418 1188 469 enim
1224 435 1346 470 cum
1384 434 1463 469 vv.
1500 418 1693 486 409s10
1734 436 1783 484 q.
1825 436 1865 471 S.

351 527 546 587 Οὐδένα
580 528 842 598 θησαυρὸν
880 530 1059 583 παισὶν
1096 528 1365 602 καιαθήσῃ
1404 527 1599 596 α’μείνω

488 617 679 686 αἰδοῦς,
718 617 797 690 ἣτ’
836 618 1063 689 ἀγαθοῖς
1095 619 1322 691 ἀνδράσι,
1363 622 1534 690 Κύρν’,
1575 619 1757 674 ἕπεται

89 745 172 799 ita
220 763 519 814 congruere
564 752 624 799 ut
664 753 955 816 utrumque
1006 749 1278 802 distichon
1332 749 1400 801 ab
1459 747 1652 801 eodem
1709 754 1871 816 poeta
1922 766 2044 816 pro-

0 907 1 911 *
90 837 291 891 fectum
319 854 438 891 esse
460 857 569 891 non
599 840 789 906 possit,
827 840 934 891 iam
962 857 995 892 a
1023 840 1209 893 multis
1236 840 1581 892 observatum
1608 844 1704 893 est.
1767 839 2042 907 WVelcker,

92 933 154 981 ut
191 933 312 981 erat
347 929 702 997 parodiarum
742 936 1012 998 captator,
1062 932 1184 984 loco
1224 932 1526 999 posteriore
1562 931 1843 999 parodiam
1882 949 2044 1000 agno·

91 1019 185 1085 vit,
223 1037 322 1087 ego
361 1037 480 1073 cum
521 1020 760 1088 Bergkio
804 1022 1046 1075 Usenero
1097 1022 1458 1090 Sohaefero1)
1508 1040 1695 1075 versus
1748 1025 1936 1089 1161s2
1979 1042 2044 1077 ex

89 1111 363 1180 prioribus
413 1111 571 1165 fictos
630 1119 781 1180 puto.
868 1114 1149 1168 Lectionis
1205 1120 1385 1167 autem
1443 1114 1866 1182 discrepantiam
1918 1133 2042 1168 cum

89 1201 330 1270 Bergkio
371 1208 426 1257 et
449 1202 746 1258 Schaefero
784 1207 886 1259 hoc
924 1206 1084 1259 modo
1122 1211 1307 1258 natam
1347 1207 1624 1258 existimo:
1668 1205 1873 1259 Versus
1912 1224 2042 1259 casu

86 1294 403 1363 ¹deperditos
458 1313 580 1348 cum
644 1297 862 1364 quidam
920 1299 974 1349 in
1029 1289 1185 1350 libris
1242 1303 1527 1365 corruptos
1576 1299 1869 1365 reperiret,
1929 1299 2041 1352 sive

89 1385 425 1455 syllogarum
463 1388 818 1441 concinnator
867 1389 972 1442 fuit
1022 1390 1133 1442 sive
1183 1389 1454 1455 librariUS,
1505 1389 1571 1441 de
1621 1407 1718 1442 suo
1771 1390 2043 1458 supplevit

85 1483 253 1546 atque
301 1479 561 1546 pessime,
620 1486 679 1533 ut
727 1497 925 1547 gnoma
975 1482 1159 1549 inepta
1210 1480 1279 1533 ab
1329 1481 1652 1548 ingenioque
1704 1481 2040 1548 Theognidis

81 1557 422 1624 ⁴alienissima
461 1573 749 1625 exstiterit.

882 1928 1104 2015 Caput
1156 1930 1249 1994 II.

228 2094 429 2147 Restat
476 2111 643 2146 unum
701 2110 919 2145 carmen
974 2091 1140 2160 Cyrni
1205 2093 1423 2146 nomine
1484 2093 1834 2162 insignitum,
1890 2092 2039 2159 quod.

82 2187 406 2254 priusquam
457 2185 764 2252 Theognidi
796 2184 1087 2237 vvindicare
1138 2183 1314 2251 liceat,
1369 2185 1736 2252 disputatione
1783 2201 1918 2252 opus
1959 2189 2041 2237 est

84 2278 350 2346 longiore,
405 2295 568 2345 quam
618 2277 838 2345 quidem
878 2276 1047 2343 capiti
1091 2277 1314 2344 proprio
1361 2277 1763 2330 reservavimus.
1840 2276 2040 2330 Exstat

82 2370 311 2423 enimin
337 2367 575 2437 ἐλεγείων
610 2373 648 2437 β
679 2367 807 2421 inde
846 2386 878 2420 a
916 2385 962 2419 v.
994 2370 1130 2419 1353
1158 2384 1330 2434 usque
1359 2368 1430 2420 ad
1464 2371 1616 2421 1356.
1664 2367 1830 2421 Hunc
1857 2373 2038 2421 autem

83 2460 301 2527 librum,
340 2479 502 2530 quem
539 2465 730 2514 notum
779 2465 862 2512 est
909 2460 965 2511 in
1012 2459 1129 2512 solo
1165 2459 1461 2513 Mutinensi
1511 2465 1779 2514 servatum
1826 2478 1943 2513 esse
1986 2464 2039 2513 et

83 2571 118 2606 a
153 2552 408 2606 Bekkero
437 2553 653 2606 demum
689 2553 743 2604 in
778 2552 952 2605 lucem
990 2552 1284 2619 prolatum,
1323 2553 1530 2619 primus
1559 2552 1821 2605 Weloker
1860 2551 2039 2606 Theo-

80 2644 234 2712 gnidi
272 2644 621 2711 abiudicavit,
671 2650 794 2712 post
842 2659 964 2697 eum
1005 2644 1165 2696 multi
1210 2644 1305 2697 alii
1355 2645 1452 2697 viri
1492 2644 1659 2706 docti,
1709 2643 2036 2713 Hertzberg,

86 2736 363 2805 Hartung,
385 2736 662 2804 Rintelen,
696 2736 1004 2802 Nietzsche,
1037 2736 1275 2803 Renner,
1313 2755 1414 2789 van
1454 2736 1551 2789 der
1589 2735 1729 2804 Mey,
1770 2754 1871 2788 van
1900 2735 2038 2789 Her-

69 2827 315 2888 ¹werden,
355 2826 427 2884 H.
469 2827 862 2895 Schneidewin,
905 2828 1115 2896 Sitzler,
1165 2828 1367 2895 Hiller,
1415 2827 1611 2894 Oouat,
1663 2827 1854 2894 Flach,
1905 2826 2038 2881 Gor-

73 2935 234 2985 -senn,
275 2918 538 2974 Schaefer
558 2920 613 2985 2).
691 2919 778 2973 De
818 2920 1048 2988 singulis
1084 2921 1143 2973 hi
1190 2922 1246 2973 in
1281 2921 1461 2973 varias
1501 2919 1790 2972 discedunt
1823 2924 2038 2973 senten-

230 3060 267 3115 ¹)
300 3060 451 3116 Bergk
478 3060 527 3103 in
558 3060 630 3104 ed.
661 3060 720 3103 ad
750 3076 790 3104 v.
824 3062 955 3116 11613
992 3060 1165 3104 Usener
1196 3062 1223 3105 l.
1255 3075 1292 3104 c.
1323 3076 1367 3117 p.
1399 3062 1455 3103 70
1484 3074 1549 3116 sq.
1591 3060 1880 3117 Quamquam
1911 3060 2035 3116 quod

85 3128 268 3173 Usener
297 3131 562 3175 coniectura
596 3130 762 3185 effecit,

481 3198 640 3242 οὐδένα
669 3201 907 3257 θησαυρὸν
936 3205 1156 3258 πραπίσιν
1189 3202 1423 3256 καταθήσῃ
1455 3201 1624 3255 ἀμείνω

68 3301 71 3305 ι
565 3268 727 3319 αἰδοῦς,
757 3270 784 3324 ἥ
813 3271 1052 3327 τ’ἅγαθοϊς
1083 3269 1287 3329 ἀνδράσι,
1322 3272 1482 3330 Κύρν’,
1513 3268 1677 3329 ἄφενος

72 3341 282 3398 probare
325 3352 419 3387 non
459 3357 658 3400 possum.
704 3368 760 3375 —
805 3342 1024 3386 Schaefer
1062 3358 1108 3401 p.
1153 3345 1332 3387 19—22.
1412 3343 1484 3387 Of.
1526 3344 1676 3387 Cauer
1716 3342 1884 3386 Philol.
1930 3343 2034 3385 1891

70 3427 127 3469 p.
161 3415 244 3457 537
274 3427 340 3469 sq.

227 3483 263 3536 ²)
293 3483 510 3528 Welcker
538 3499 583 3541 p.
616 3483 728 3539 0113
769 3483 1034 3540 Hertzberg
1072 3486 1120 3528 in
1150 3484 1328 3528 Prutzii
1368 3483 1566 3528 litterar.
1607 3484 1768 3529 histor.
1814 3482 2037 3527 Taso-hen-

81 3553 197 3598 buch
230 3555 340 3598 1845
369 3569 414 3611 p.
445 3555 529 3598 339
559 3568 624 3610 sq.
657 3559 703 3598 et
733 3554 815 3598 361
847 3568 968 3611 sqq.;
1010 3555 1233 3612 Hartung
1262 3570 1306 3612 p.
1337 3556 1406 3608 24,
1440 3556 1536 3608 133,
1577 3556 1682 3609 286;
1727 3553 1947 3598 Rintelen
1978 3552 2036 3596 de
