2372 4108
1179 271 1497 320 ...2-

360 523 609 591 equidem
651 522 824 575 solam
861 521 1004 573 viam
1039 519 1110 572 ad
1151 521 1531 588 quaestionem
1556 520 1623 575 de
1653 522 1970 577 auctoribus
2004 515 2318 594 disceptum¹

361 615 486 668 dam
531 614 782 667 idoneam
833 618 999 681 puto,
1053 617 1135 664 est
1179 610 1493 666 observatio
1545 631 1729 667 rerum
1773 621 1837 669 ut
1885 616 1966 669 ita
2010 614 2191 670 dicam
2227 598 2338 671 εἷ’

358 708 647 770 teriorum‚
701 704 1021 758 elocutionis
1062 708 1118 756 et
1153 704 1290 756 artis
1334 705 1608 761 metricae.
1676 705 1927 760 Fuerunt
1966 709 2077 761 iam
2114 724 2212 776 qm
2246 701 2287 762 d

358 799 518 852 rebus
545 795 871 867 quibusdam
901 795 1144 849 metricis
1179 813 1301 848 cum
1337 795 1485 865 apud
1510 803 1722 852 ceteros
1749 797 2167 868 elegiographos
2202 774 2347 863 tunsi

358 891 505 961 apud
559 888 934 956 Theognidem
984 888 1383 955 quaesiverint,
1431 889 1505 942 A.
1543 888 1771 958 Langen
1821 891 1878 943 in
1924 890 2141 946 dissert.
2190 877 2347 988 (1.ἰὲ

360 985 443 1037 De
483 982 715 1035 disticho
758 979 1099 1035 Graecorum
1139 980 1381 1048 elegiaco
1420 980 1678 1049 (Vratisl.
1708 985 1869 1049 1868)
1918 987 1974 1038 et
2009 981 2073 1039 O.
2104 975 2342 1045 Goebosff*

357 1078 411 1129 in
453 1074 641 1128 libello
679 1091 779 1126 suo
818 1072 884 1126 de
924 1074 1274 1141 correptione
1321 1075 1494 1127 attica
1531 1074 1919 1142 (Argentorati
1950 1072 2132 1144 18⁷6).
2208 1073 2353 1146 Qui·

358 1175 540 1221 tamen
591 1183 710 1219 cum
763 1166 1003 1233 genuina
1055 1171 1111 1218 et
1149 1182 1291 1234 quae
1344 1166 1533 1235 spuria
1583 1183 1700 1220 esse
1748 1172 1983 1236 possunt
2029 1184 2139 1223 non
2185 1168 2289 1223 sat’
2323 1192 2350 1242 3

357 1259 741 1312 discrevissent
773 1258 826 1309 in
856 1256 1329 1325 disputationibus
1358 1265 1601 1312 ceterum
1634 1260 1850 1328 egregie
1886 1260 2173 1327 institutis,
2209 1276 2325 1326 non

357 1352 412 1404 id
465 1350 764 1405 effecerunt
813 1348 960 1418 quod
1008 1349 1153 1402 effici
1203 1355 1422 1418 poterat
1473 1368 1651 1419 neque
1714 1351 1843 1406 inde
1896 1350 2037 1406 adeo
2091 1368 2182 1419 m¹
2231 1418 2234 1419 ⁷

357 1444 570 1497 fructus
610 1447 806 1511 captus
845 1447 931 1495 est
984 1441 1054 1495 ad
1104 1443 1480 1511 quaestionem
1531 1442 1600 1496 de
1650 1444 1904 1513 partibus
1959 1443 2217 1513 genuinis
2266 1459 2298 1498 e

357 1534 551 1587 alienis
603 1534 984 1588 dirimendam.
1078 1532 1258 1588 Nobis
1313 1535 1483 1605 igitur
1547 1537 1894 1604 propositum
1950 1540 2036 1591 est
2084 1536 2324 1605 primum

357 1627 507 1695 quali
556 1627 910 1685 fundamento
958 1627 1028 1679 ad
1084 1644 1297 1681 omnem
1348 1629 1614 1682 eiusmodi
1663 1628 2039 1697 quaestionem
2077 1642 2217 1697 opus
2248 1626 2298 1682 si

357 1719 571 1784 docere,
613 1719 822 1772 scilicet
859 1736 1145 1773 numerum
1185 1737 1351 1789 quam
1388 1720 1668 1774 minimum
1707 1738 1962 1775 versuum
2002 1718 2255 1775 definiem

355 1830 491 1880 quos
524 1813 786 1880 genuinos
827 1831 945 1866 esse
983 1812 1095 1866 fere
1134 1830 1322 1866 omnes
1361 1812 1461 1865 viri
1498 1814 1645 1866 docti
1681 1813 2058 1880 consentiunt,
2109 1827 2325 1882 quavex

357 1910 511 1973 parte
550 1905 828 1972 profectos
867 1905 923 1957 in
957 1905 1280 1974 quaestione
1317 1905 1438 1973 ipsa
1470 1910 1658 1973 partes
1691 1906 1875 1959 variae
1911 1903 2044 1959 fidei
2077 1916 2268 1960 seorsu

356 2003 594 2051 tractare
634 2003 916 2066 oporteat3
967 1996 1165 2050 deinde
1201 1998 1308 2065 ipsi
1346 2014 1567 2066 quoque
1608 1998 1883 2066 specimen
1922 1984 2238 2067 dissertatio
2278 1994 2291 2007 ⁶
2371 2061 2372 2064 Ἴ

359 2091 616 2143 metricae
655 2089 1061 2158 praebebimuS,
1102 2107 1226 2142 cum
1263 2088 1330 2143 de
1363 2089 1537 2143 vocali
1569 2089 1739 2158 longa
1774 2090 1831 2142 in
1868 2089 1976 2142 fine
2010 2090 2160 2143 vocis
2191 2104 2263 2151 au
2370 2075 2372 2078 ’

356 2182 597 2236 vocalem
631 2188 954 2251 sequentem
986 2186 1248 2250 correpta
1285 2198 1528 2251 agemus,

361 431 591 485 arbitrio
631 430 910 497 liberoque
946 427 1153 482 iudicio
1193 434 1426 483 utuntur
1459 448 1621 498 quam
1655 431 1822 484 certis
1860 436 2058 486 causis.
2139 381 2345 765 Quat}

1180 2697 1404 2783 Caput
1459 2696 1520 2762 I.

498 2860 965 2915 Proficiscendum
1006 2866 1091 2915 est
1129 2861 1286 2915 nobis
1323 2878 1357 2914 a
1396 2860 1643 2914 versibus
1681 2860 1791 2915 illis
1833 2862 2061 2927 19-26,
2093 2859 2162 2914 de
2197 2830 2333 2931 qui·¹

356 2954 454 3006 bus
494 2972 888 3024 saepenumero
929 2954 1269 3023 disputatum
1323 2958 1406 3006 est
1443 2970 1476 3006 a
1515 2953 1646 3005 viris
1698 2951 1873 3006 doctis
1910 2950 1966 3006 in
2012 2951 2333 3009 sententias

357 3046 596 3100 diversas
632 3048 964 3101 abeuntibus
986 3048 1042 3113 ¹).
1119 3046 1228 3117 Qui
1266 3062 1455 3099 versus
1494 3050 1645 3099 statu
1686 3061 1862 3114 paene
1900 3045 2120 3115 integro
2155 3042 2321 3099 nobis

502 3233 537 3286 ¹)
569 3232 789 3276 Welcker
817 3230 1102 3288 Theognidis
1131 3229 1356 3287 reliquiae
1386 3244 1431 3287 p.
1454 3229 1558 3285 181;
1589 3228 1918 3274 Schneidewin
1940 3227 2169 3274 Deleotun
2194 3229 2320 3286 poet.

355 3303 470 3359 eleg.
503 3317 654 3359 graec
685 3319 729 3360 p.
751 3305 829 3360 573
862 3302 1083 3359 Hartung
1108 3301 1292 3347 Griech.
1311 3298 1586 3358 Eleqikerp.
1604 3302 1729 3345 ssoet
1747 3299 1859 3355 2583
1909 3298 2120 3344 Leutseh
2148 3297 2318 3344 Philol-

354 3372 521 3417 XXIX
554 3389 595 3431 p.
617 3376 701 3418 507
723 3388 844 3431 sqq.;
876 3374 1044 3418 Sitzler
1073 3372 1355 3431 Theognidis
1384 3371 1609 3427 reliquiae
1637 3385 1683 3428 p.
1705 3371 1762 3416 85
1781 3383 1915 3428 sqq.;
1964 3368 2126 3416 Hiner
2152 3367 2334 3426 Jahrb..

350 3445 387 3499 f.
419 3444 553 3489 klass.
575 3445 695 3490 Phil.
723 3447 828 3489 1881
862 3460 907 3503 p.
929 3446 1037 3500 4723
1069 3444 1214 3489 Flach
1250 3443 1408 3489 Gesch.
1430 3442 1512 3488 der
1526 3442 1694 3501 yriech.
1717 3441 1937 3501 Lyrikp.
1950 3443 2066 3500 400·
2096 3439 2319 3501 Immiooh

358 3514 610 3573 Xenophon
647 3516 759 3561 u'ber
803 3514 1025 3574 Theognis
1073 3515 1171 3560 und
1213 3514 1299 3560 das
1338 3513 1551 3561 Problem
1599 3512 1677 3559 des
1716 3513 1879 3568 Aaou,
1923 3513 1972 3558 in
2018 3475 2325 3558 comment-t.

360 3586 537 3630 Ribbec
526 3582 582 3647 ῖς.
614 3583 762 3644 (Lips.
788 3588 919 3643 1888)
943 3600 991 3644 p.
1011 3586 1070 3630 94
1088 3600 1215 3643 sqq.;
1249 3586 1438 3630 Crusius
1470 3584 1588 3630 Mus.
1619 3583 1769 3630 Rhen.
1803 3584 1915 3629 1888
1942 3598 1989 3642 p.
2011 3582 2231 3629 888-85.
