2372 4108
941 266 1292 315 ...61-

140 443 320 493 causa,
360 442 481 478 cum
521 425 652 477 olim
696 428 979 477 exaratum
1020 423 1186 476 fuerit
1214 422 1340 491 μέν,
1393 428 1448 476 et
1489 442 1570 478 vv.
1624 428 1873 477 97—100
1931 442 2096 493 copu-

137 517 336 570 landos
375 533 492 570 esse
544 533 667 568 cum
711 516 1047 586 praegressis
1066 517 1131 586 1),
1182 521 1246 569 ut
1295 516 1400 569 sibi
1451 517 1823 585 respondeant
1869 523 2101 580 τοιοῦτος

137 607 232 676 μὲν
258 607 461 676 ἑταῖρος
497 613 551 661 et
585 606 705 660 ἄλλ’
741 607 822 679 εἴη
859 611 1103 670 τοιοῦτος.
1155 639 1226 647 -
1275 606 1393 661 Uno
1446 608 1607 661 verbo
1659 627 1911 662 moneam
1949 608 2098 677 apud

139 699 398 775 Solonem
437 704 521 767 27,
545 705 575 752 9
612 700 911 767 Bergkium
943 700 1087 752 mala
1124 700 1441 753 coniectura
1479 701 1762 768 scripsisse
1801 697 1958 770 ὦρίου
1996 718 2096 769 pro

141 808 204 845 eo
232 792 378 860 quod
412 810 596 845 verum
631 796 714 845 est
751 789 909 861 ὥριον
930 794 991 857 2).

279 912 453 980 Apud
489 912 900 966 Alexandrinos
938 912 1075 965 haec
1115 913 1364 981 exempla
1402 914 1765 980 correptionis
1803 912 2095 965 habemus:

130 1048 323 1118 *Anyte
363 1052 409 1115 1,
451 1052 481 1100 3
523 1050 616 1117 (A.
679 1049 743 1102 P.
795 1048 916 1104 VII
965 1052 1116 1115 646):
1157 1041 1204 1101 ὦ
1240 1051 1421 1120 πάτερ,
1462 1049 1523 1103 οὔ
1555 1069 1636 1103 τοι
1672 1045 1745 1101 ἔτ’
1778 1047 1903 1114 εἰμι’,
1937 1047 2103 1114 μέλας

1164 1138 1339 1208 δ’ἐμόν
1374 1139 1524 1209 ὄμμα
1556 1141 1811 1194 καλύπτει

131 1232 258 1298 ead.
298 1234 381 1300 14,
420 1235 450 1284 3
491 1232 638 1302 (VII
675 1235 825 1299 724):
865 1230 1191 1289 ἅλλοὶ,καλόν
1223 1253 1304 1286 τοι
1340 1231 1574 1304 ὕπερθεν
1609 1232 1738 1296 ἔπος
1762 1232 1881 1285 τόδε
1914 1235 2101 1298 πέτρος

1157 1323 1322 1378 αἐίὸει

89 1410 95 1413 ’
138 1413 338 1482 ‘Nossis
372 1418 472 1483 6,1
512 1413 620 1484 (VI
640 1417 795 1485 275):
845 1416 1115 1484 χαίροισάν
1162 1435 1241 1470 τοι
1279 1416 1413 1469 ἔοικε
1444 1422 1609 1484 κομᾶν
1644 1414 1754 1469 ἄπο
1789 1416 1883 1469 τάν
1914 1414 2099 1485 Ἀφρο-

1163 1508 1322 1561 δίταν.

138 1637 259 1693 Has
310 1643 552 1709 poetrias
597 1659 720 1695 cum
775 1642 832 1694 in
882 1643 1161 1710 particula
1196 1647 1278 1695 τοί
1329 1644 1502 1710 magis
1558 1643 1892 1695 homericum
1942 1658 2101 1693 usum

140 1737 358 1785 secutas
396 1734 687 1787 verisimile
726 1735 812 1801 sit,
856 1736 1004 1787 omni
1036 1737 1339 1788 mutatione
1379 1733 1766 1788 abstinendum
1804 1738 1955 1802 puto,

259 1818 530 1914 ⁴Elegiaci
562 1846 731 1913 igitur
768 1847 1106 1915 antiquiores
1138 1847 1348 1900 hiatum
1386 1848 1539 1900 illum
1578 1848 1916 1902 trochaicum
1942 1845 2100 1914 pedis

141 1939 362 1991 secundi
400 1938 688 2006 fugerunt3
729 1956 839 2006 qua
876 1957 935 1991 re
975 1939 1287 2006 discrepant
1323 1939 1393 1991 ab
1433 1958 1595 1993 versu
1631 1940 1927 1992 homerico,
1989 1936 2101 1992 Sed

139 2030 248 2082 iam
289 2030 383 2083 diu
414 2031 758 2083 observatum
797 2036 880 2084 est
918 2031 1291 2084 condicionem
1326 2032 1630 2085 hexametri
1670 2031 1899 2098 elegiaci
1936 2030 2101 2082 aliam
2181 2028 2185 2037 '

141 2139 258 2175 esse
292 2126 458 2190 atque
495 2123 757 2175 homerici
772 2122 830 2188 3),
869 2122 1015 2191 quod
1054 2140 1116 2176 eo
1154 2122 1502 2177 referendum
1554 2128 1636 2176 est
1688 2123 1837 2191 quod
1889 2123 2100 2190 elegiae

142 2214 401 2283 primitus
458 2215 528 2267 ad
583 2216 845 2268 tibiarum
902 2232 1095 2267 sonum
1150 2215 1490 2268 canebantur
1508 2215 1572 2286 4).
1667 2214 1863 2269 Tibiae
1920 2220 2102 2268 autem

140 2323 271 2358 usus
299 2323 482 2359 secum
504 2307 722 2361 ferebat
746 2307 1009 2360 maiorem
1038 2309 1392 2361 severitatem.
1447 2308 1656 2362 Postea
1690 2312 1873 2360 autem
1901 2307 2103 2374 elegiae

142 2400 317 2465 magis
355 2399 637 2468 magisque
677 2400 734 2451 in
769 2415 927 2451 usum
966 2398 1267 2465 legentium
1307 2400 1474 2453 scribi
1512 2404 1744 2468 coeptae
1784 2403 1932 2464 sunt3
1991 2416 2102 2451 non

142 2490 281 2543 mira
323 2491 492 2559 igitur
541 2491 639 2543 illa
687 2491 1196 2543 Alexandrinorum
1257 2491 1480 2544 licentia
1529 2492 1602 2544 ad
1652 2490 2103 2544 consuetudinem

143 2581 478 2636 homericam
515 2583 750 2636 redienS.
824 2583 910 2636 Eo
951 2583 1123 2652 magis
1176 2600 1395 2635 carmen
1435 2584 1674 2653 syllogae
1711 2582 2102 2650 Theognideae

141 2675 390 2726 457-60
429 2675 597 2727 aetati
636 2674 887 2728 inferiori
923 2675 1236 2728 adscribere
1273 2676 1417 2729 licet.

285 2765 568 2833 Ambigua
598 2772 782 2820 autem
813 2785 900 2821 res
934 2771 1017 2820 est
1042 2766 1109 2820 de
1148 2768 1496 2835 correptione
1528 2767 1804 2820 vocalium
1840 2767 1897 2818 in
1925 2765 2103 2818 altera

142 2856 288 2909 thesi
329 2858 553 2910 secundi
589 2858 764 2927 pedis.
826 2858 939 2911 Hic
979 2859 1122 2911 enim
1153 2859 1244 2911 illa
1271 2859 1437 2912 etiam
1474 2859 1531 2911 in
1571 2857 1909 2926 Theognidis
1944 2862 2103 2927 parte

145 2949 202 3001 A
238 2950 508 3003 invenitur
537 2969 584 3002 v.
609 2954 741 3003 321:

288 3061 336 3116 εἷ
374 3062 430 3115 δὲ
465 3062 594 3126 θεὸς
625 3067 763 3133 κακῷ
801 3062 950 3134 ἀνδρὶ
981 3067 1094 3132 βίον
1130 3064 1216 3115 καὶ
1245 3064 1472 3123 πλοῦτον
1507 3060 1724 3132 ὀπάσσῃ.

292 3274 327 3328 ¹)
357 3272 425 3316 Ut
453 3287 603 3328 nuper
633 3272 789 3316 Hiller
818 3273 931 3316 fecit
959 3273 1009 3315 in
1038 3274 1233 3320 Anthol.
1263 3275 1420 3330 lyrica.

289 3344 328 3401 ²)
359 3343 532 3388 Kaibel
561 3360 605 3400 p.
630 3343 675 3388 V
705 3347 801 3389 not.
826 3346 862 3388 1.
1146 3384 1148 3386 ,

290 3413 328 3470 ⁸)
359 3413 586 3458 Naturam
623 3415 840 3471 legesque
878 3415 1016 3458 metri
1048 3415 1239 3471 elegiaci
1259 3415 1377 3458 bene
1407 3415 1620 3472 exposuit
1647 3414 1839 3470 Langen
1869 3413 1918 3457 in
1946 3413 2104 3457 libello

147 3484 328 3541 saepius
360 3500 387 3527 a
417 3485 551 3529 nobis
580 3486 768 3529 laudato
800 3500 842 3540 q.
874 3487 902 3529 i.
929 3485 1006 3529 ‘de
1037 3485 1234 3529 disticho
1266 3485 1550 3530 Graecorum
1581 3483 1810 3541 elegiaco'.

290 3555 326 3612 ⁴)
358 3554 428 3599 Cf.
461 3556 619 3599 Christ
652 3556 860 3600 Metrik2
890 3556 916 3613 ξ
946 3558 1031 3600 250
1061 3559 1109 3600 et
1136 3557 1243 3610 2513
1275 3555 1456 3599 Usener
1497 3555 1698 3600 Versbau
1724 3570 1768 3611 p.
1795 3556 1874 3598 117
1891 3569 1990 3610 sqq.
