2372 4108
847 259 1219 314 —21-,

45 419 213 474 Cadit
264 420 364 473 hoc
414 421 471 472 in
524 437 603 472 vv.
660 420 843 484 233J43
901 418 1001 471 hos
1038 418 1206 486 igitur
1251 417 1590 470 censebimus
1647 416 1876 469 fortuito
1934 434 2000 469 ex

47 514 284 566 carmine
323 513 557 579 genuino
591 509 930 577 Theognidis
982 516 1195 578 ereptos
1242 526 1375 562 esse.
1452 508 1727 562 Versuum
1767 509 2003 575 denique

50 605 167 674 77s8
207 603 364 673 origo
402 600 760 669 Theognidea
809 602 1122 654 testimonio
1161 599 1413 653 Platonis
1467 599 1846 666 confirmatur,
1898 601 2003 652 nisi

46 697 171 765 quis
225 696 334 748 iam
391 699 575 747 aetate
629 694 939 762 philosophi
992 693 1346 746 collectiones
1402 692 1524 744 illas
1575 691 2001 758 monelegiorum

48 787 295 842 extitisse
325 791 502 854 putat,
542 786 598 837 in
638 802 775 853 quas
813 786 979 838 etiam
1020 785 1258 837 disticha
1292 783 1461 837 libere
1501 783 1847 836 conformata
1883 799 2002 850 per·

46 879 314 934 venerint.

191 971 447 1024 Alterum
485 986 670 1036 genus,
709 970 863 1021 cuius
902 968 1207 1036 exemplum
1245 985 1412 1035 supra
1448 968 1681 1020 vidimus
1712 968 1881 1035 175s6,
1920 971 2003 1019 est

50 1063 405 1118 distichorum
446 1078 586 1128 quae
637 1078 703 1112 ex
742 1062 930 1128 elegiis
969 1065 1185 1114 exsecta
1234 1064 1360 1112 sunt
1398 1078 1430 1112 a
1473 1059 1708 1127 quodam
1756 1077 1863 1111 non
1899 1057 2004 1110 nisi

48 1156 240 1210 leviter
278 1159 491 1207 mutata
530 1153 577 1204 si
606 1170 742 1220 opus
776 1159 908 1219 erat,
949 1157 1010 1204 ut
1043 1170 1140 1219 per
1169 1169 1226 1204 se
1255 1157 1400 1204 stare
1424 1156 1666 1219 possent.
1724 1150 1820 1204 Vv.
1848 1150 2001 1219 541l2

51 1253 106 1302 et
146 1247 337 1316 1103s4
373 1264 438 1299 ex
475 1263 584 1298 una
622 1244 921 1312 eademque
972 1244 1329 1311 elegiamihi
1379 1244 1546 1296 tracti
1597 1260 1713 1296 esse
1753 1243 2006 1295 videntur

49 1341 211 1410 plura
247 1338 537 1406 superbiae
575 1337 822 1404 exempla
858 1337 1167 1390 exhibente.

193 1430 439 1484 Tertium
498 1448 667 1498 genus
723 1430 802 1483 ita
854 1434 1036 1482 ortum
1091 1428 1447 1496 putabamus,
1505 1433 1567 1479 ut
1623 1426 1843 1495 quidam
1898 1443 2006 1478 uno

54 1524 286 1578 disticho
324 1523 560 1591 propriis
598 1521 776 1574 verbis
813 1520 942 1573 ficto
970 1525 1348 1588 argumentum
1386 1520 1551 1572 totius
1591 1519 1796 1587 elegiae
1833 1518 2009 1585 expri-

54 1634 199 1670 mere
247 1615 494 1668 studeret
541 1615 776 1684 (179s80.
834 1614 1001 1682 117s8.
1064 1611 1296 1678 335s6?).
1365 1611 1489 1664 Hoc
1538 1611 1770 1663 maxime
1815 1609 1887 1662 ad
1942 1627 2010 1662 ea

54 1710 327 1778 pertinere
366 1706 607 1758 arbitror
644 1722 785 1773 quae
822 1710 1046 1772 propter
1073 1704 1304 1757 formam
1343 1704 1805 1772 neglegentiorem
1845 1701 2009 1755 offen-

55 1802 263 1855 sionem
313 1797 592 1867 praebent.
679 1796 757 1850 Ut
796 1814 878 1851 vv,
936 1797 1093 1866 333s4
1143 1797 1324 1849 hiatus
1377 1800 1503 1863 post
1551 1794 1714 1862 ἄνδρα
1767 1792 2008 1848 offendit.

54 1894 402 1963 Quamquam
439 1890 617 1944 critici
658 1889 983 1942 coniecturis
1024 1889 1320 1942 emendare
1350 1888 1532 1940 conati
1571 1891 1725 1951 sunt3
1769 1891 1827 1938 at
1853 1883 2011 1954 ἀνέρα

57 1984 201 2055 quod
238 1984 526 2038 Hermann
562 1982 848 2049 proposuit
883 1998 1160 2048 nunquam
1199 1979 1348 2049 apud
1383 1978 1754 2047 Theognidem
1793 1977 2007 2045 legitur.

56 2078 320 2131 Fortasse
357 2074 501 2128 idem
541 2073 691 2127 cadit
727 2066 782 2126 in
821 2092 902 2126 vv.
944 2074 1097 2138 235]ss
1139 2073 1230 2140 qui
1268 2070 1690 2124 innumerabilia
1727 2069 2009 2122 hominum

59 2170 343 2223 doctorum
394 2166 685 2220 conamina
731 2166 879 2233 passi
925 2171 1068 2218 sunt.
1148 2162 1261 2217 Ubi
1313 2164 1359 2215 si
1409 2163 1724 2216 coniectura
1776 2159 2010 2212 sanandi

56 2266 209 2315 recta
251 2261 340 2313 via
379 2265 539 2324 esset,
578 2258 809 2310 maxime
847 2256 1275 2309 Herwerdenum
1315 2260 1534 2308 secutus
1573 2256 1652 2307 ita
1686 2252 2010 2306 scriberem:

157 2365 316 2421 Οὐδὲν
352 2366 639 2435 ἐπιπρέπει
676 2362 800 2435 ἡμῖν
836 2359 916 2416 ἅτ’
959 2364 1047 2431 (==
1082 2364 1250 2430 quae)
1288 2359 1504 2429 α’νόράσι
1541 2360 1914 2431 σῳζομένοισιν,

235 2456 351 2511 ἀλλ’
394 2453 491 2511 ὅσα
526 2456 703 2525 πάγχυ
739 2455 908 2516 πόλει,
948 2455 1130 2524 Κύρνε,
1170 2450 1491 2523 ἄλωσομένῃ.

62 2567 268 2620 Hiatus
306 2583 464 2619 versu
500 2565 674 2618 altero
714 2562 1019 2617 tolerabilis
1059 2566 1205 2615 esset
1224 2562 1280 2626 1).

60 2708 142 2752 illa
181 2707 374 2765 politica
403 2706 652 2750 verborum
698 2719 802 2749 cum
844 2718 901 2748 ex
939 2704 1096 2747 multis
1137 2703 1239 2747 aliis
1272 2701 1432 2758 elegiis
1474 2700 1642 2751 elucet,
1681 2702 1782 2742 tum
1817 2696 2016 2740 maxime

62 2781 258 2837 apparet
297 2792 353 2822 ex
391 2793 464 2822 vv.
494 2779 562 2831 34,
593 2778 777 2829 53—60‚
820 2776 1028 2819 183—92.
1088 2774 1237 2819 Recte
1266 2774 1325 2818 de
1353 2773 1439 2816 hac
1470 2784 1521 2814 re
1561 2769 1768 2813 iudicant
1798 2765 2018 2811 Welcker

61 2849 205 2908 praef.
245 2865 291 2906 p.
331 2848 454 2893 XXI
493 2863 591 2904 sqq.
637 2847 717 2904 qui
761 2847 993 2903 egregiam
1038 2845 1400 2902 disputationem
1444 2842 1649 2898 scripsit,
1693 2837 2017 2883 Schneidewin

63 2937 109 2978 p.
138 2922 208 2971 55,
239 2921 405 2964 Sitzler
434 2934 477 2976 p.
509 2921 578 2972 31,
609 2920 665 2962 32
693 2919 793 2976 (qui
812 2921 971 2960 tamen
994 2917 1129 2960 nimis
1150 2929 1310 2959 severe
1331 2917 1377 2958 et
1396 2913 1621 2969 anguste),
1652 2909 1811 2967 Bergk
1836 2908 2017 2954 Griech.

63 2993 158 3037 Lit.
189 2991 242 3036 11
272 3007 316 3048 p.
346 2993 431 3035 323
462 3005 500 3034 c.
533 2990 637 3034 adn.
668 2991 747 3039 91,
779 2988 1000 3032 Immisch
1029 3003 1072 3044 p.
1105 2989 1180 3040 75,
1228 2987 1379 3029 Cauer
1408 2983 1631 3028 Par-teian
1669 2982 1767 3026 und
1796 2979 2020 3025 Politiker

64 3066 116 3109 in
147 3063 340 3121 Meyara
370 3077 415 3106 u.
446 3061 595 3107 Athen
627 3061 821 3116 (Stutty.
846 3060 976 3115 1890)
999 3074 1043 3115 p.
1065 3060 1105 3102 8.
1156 3058 1480 3101 Adversantur
1500 3053 1784 3110 argumentis
1805 3065 2018 3107 magnam

66 3138 246 3192 partem
277 3133 508 3190 perversis
538 3132 610 3175 usi
631 3131 919 3186 Schoemann
950 3129 1233 3173 schediasma
1264 3128 1321 3173 de
1342 3126 1628 3183 Theognide,
1659 3138 1766 3179 opp.
1788 3121 1861 3166 IV
1884 3137 1928 3178 p.
1949 3122 2018 3174 37,

66 3205 286 3260 Hartung
326 3203 467 3260 praef.
507 3217 551 3258 p.
585 3204 636 3245 17
676 3215 788 3257 sqq„
833 3200 987 3244 Hiller
1019 3199 1180 3244 Jahrb.
1219 3199 1254 3254 f.
1286 3198 1419 3242 klass.
1452 3195 1574 3241 Phil.
1617 3195 1724 3238 1881
1757 3209 1800 3250 p.
1836 3195 1918 3236 461
1952 3207 2018 3247 sq.

67 3279 85 3332 (
89 3289 226 3332 quem
265 3274 497 3318 immerito
539 3272 748 3328 sequitur
786 3271 930 3314 Flaeh
975 3270 1156 3315 Griech..
1191 3268 1337 3326 Lyrik
1377 3283 1421 3324 p.
1451 3267 1556 3322 396)
1597 3268 1644 3308 et
1684 3264 1943 3309 Jahresber.
1980 3263 2019 3317 f.

67 3347 201 3392 klass.
243 3346 409 3391 Altert.
468 3346 578 3387 1888
627 3358 674 3400 p.
727 3344 821 3386 138.
899 3341 1178 3384 Pravissima
1225 3338 1549 3394 interpretatio
1601 3337 1855 3380 carminum
1904 3347 2021 3389 quae

69 3418 256 3462 maximi
288 3417 347 3460 ad
377 3429 475 3459 rem
504 3414 728 3457 momenti
758 3416 864 3456 sunt
895 3412 953 3455 ab
985 3411 1167 3455 Hillero
1198 3411 1380 3466 prolata
1411 3407 1543 3452 valde
1586 3407 1806 3450 abhorret
1837 3419 1863 3448 a
1893 3418 2021 3448 more

69 3489 158 3533 viri
189 3487 316 3532 docti
346 3485 615 3542 ceteroquin
647 3485 769 3528 cauti
800 3486 847 3527 et
874 3482 1063 3539 sagacia

217 3559 253 3614 1)
283 3553 568 3601 Herwerden
598 3554 902 3598 animadvers.
933 3553 992 3596 ad
1018 3551 1335 3608 Theognidem
1366 3566 1410 3608 p.
1445 3552 1510 3593 12.
