2372 4108
1116 261 1471 312 ...18-

309 423 582 492 Equidem
626 428 685 477 ut
735 441 845 477 non
892 422 1071 476 dicam
1122 423 1189 477 de
1240 424 1318 478 eis
1378 440 1520 493 quae
1570 424 1806 493 speciem
1845 422 2275 492 fragmentorum

309 521 499 583 aperte
536 533 671 584 prae
710 534 766 569 se
806 515 1015 581 ferunt,
1070 532 1137 568 ea
1186 532 1328 583 quae
1368 515 1696 569 sententiam
1734 515 1956 585 plenam
1995 514 2275 571 continere
2355 546 2358 591 3

305 605 589 673 videntur,
642 607 931 660 maximam
985 612 1199 675 partem
1252 612 1510 676 suspecta
1546 606 1743 661 habeo,
1820 605 1965 660 Nam
2014 606 2275 676 quotiens

307 699 553 752 carmina
588 700 832 767 genuina
868 696 1206 766 Theognidis
1246 700 1468 754 maioris
1506 699 1748 753 ambitus
1785 699 1924 768 1030,
1966 698 2276 767 monelegia
2352 754 2358 770 ·.

306 808 427 844 cum
467 790 579 844 illis
618 795 938 859 comparata
971 790 1325 845 vehementer
1362 790 1696 860 discrepant,
1733 795 1798 843 ut
1833 806 1942 843 non
1980 789 2276 845 videantur

305 882 375 936 ab
427 883 616 935 eodem
667 888 832 951 poeta
884 882 1132 950 profecta
1184 900 1303 936 esse
1352 899 1531 952 posse.
1606 881 1899 951 Quomodo
1934 888 2120 937 autem
2155 898 2273 937 rem
2343 905 2347 910 ·

303 974 606 1028 iudicarem
647 974 1104 1042 explicmemqne,
1146 974 1322 1042 elegia
1359 992 1503 1044 quae
1537 993 1585 1030 v,
1629 977 1872 1028 173—78
1908 972 2133 1042 legitur,
2167 975 2276 1028 iter

303 1067 641 1120 monstravit.
717 1066 890 1121 Cuius
931 1066 1139 1134 elegiae
1176 1084 1361 1121 versus
1402 1071 1500 1120 175
1539 1072 1595 1120 et
1634 1069 1737 1120 176
1772 1065 1875 1120 hac
1899 1064 2075 1120 forma
2098 1071 2274 1122 testes

307 1165 518 1213 veteres
557 1158 841 1212 exhibent:

558 1278 657 1352 χρή
695 1283 876 1351 πενίην
914 1279 1177 1351 φεύγοντα
1212 1280 1297 1333 καὶ
1332 1278 1386 1345 ἐς
1422 1279 1719 1351 βαθυκήτεα
1749 1280 1944 1334 πόντον

642 1373 859 1441 ῥιπτεῖν,
896 1371 983 1425 καὶ
1020 1377 1264 1441 πετρέων,
1302 1374 1486 1441 Κύρνε,
1524 1372 1635 1426 κατ’
1664 1368 1943 1443 ἦλιβὶτων.

444 1506 556 1562 Vix
597 1506 822 1561 dubium
861 1525 980 1561 esse
1018 1512 1203 1576 potest
1230 1508 1359 1576 quin
1395 1507 1560 1562 lectio
1587 1506 1868 1563 codicibus
1896 1506 2273 1577 Theognideis

299 1598 510 1652 tradita
548 1597 610 1670 ἣν
638 1598 702 1669 δή
740 1599 839 1670 χρή
879 1604 983 1653 etc.
1023 1599 1095 1653 ad
1129 1606 1350 1668 poetam
1389 1602 1566 1670 ipsum
1606 1600 1815 1667 redeat,
1865 1600 2043 1655 altera
2092 1599 2273 1655 forma

300 1692 380 1745 ita
417 1697 541 1746 orta
581 1692 668 1758 sit,
722 1698 784 1745 ut
836 1691 1063 1746 distichi
1118 1693 1268 1762 quod
1313 1710 1580 1747 summam
1618 1694 1926 1749 sententiae
1963 1693 2273 1748 contineret

299 1802 365 1838 ex
405 1784 584 1853 elegia
621 1784 809 1848 evulsi,
850 1789 910 1837 ut
946 1802 1046 1854 per
1083 1802 1141 1839 se
1181 1789 1329 1839 stare
1366 1790 1556 1854 posset
1593 1791 1647 1839 et
1684 1785 1903 1855 plenam
1935 1785 2270 1840 sententiam

297 1876 606 1946 praeberet,
647 1877 864 1930 initium
905 1882 1175 1932 mutatum
1211 1879 1297 1932 sit.
1369 1878 1507 1933 Rem
1548 1884 1732 1933 autem
1770 1878 1852 1932 ita
1875 1878 2008 1932 mihi
2036 1876 2270 1951 explico.

298 1967 531 2023 Oonstat
581 1970 725 2023 inter
783 1987 970 2023 omnes
1030 1974 1229 2039 poetae
1283 1970 1621 2040 Megarensis
1675 1970 1881 2039 elegias
1949 1975 2015 2025 ut
2071 1970 2270 2040 plenas

301 2063 600 2131 sapientiae
642 2068 696 2116 et
741 2064 951 2132 optima
986 2063 1132 2117 vitae
1180 2068 1480 2133 praecepta
1519 2063 1860 2118 continentes
1902 2061 2051 2133 apud
2089 2061 2268 2117 Athe·
2356 2130 2359 2132 ‚

300 2156 519 2210 nienses
559 2157 614 2208 in
649 2173 859 2210 summo
900 2157 1107 2211 honore
1146 2155 1330 2223 fuisse,
1383 2155 1604 2211 easdem
1644 2155 1968 2225 praesertim
2017 2154 2073 2208 in
2122 2153 2270 2209 ludis

295 2248 366 2301 ad
414 2266 616 2316 pueros
666 2249 1031 2303 instituendos
1080 2249 1375 2304 adhibitas.
1452 2247 1549 2303 Ad
1598 2265 1757 2302 usum
1796 2252 1981 2301 autem
2029 2263 2267 2302 commos-

297 2340 506 2394 diorem
564 2359 783 2396 necesse
843 2347 925 2395 est
982 2342 1295 2411 complures
1352 2341 1592 2411 syllogas
1651 2341 1921 2393 breviores
1978 2356 2045 2393 ex
2099 2355 2265 2408 opere
2362 2346 2364 2348 ’

294 2439 489 2502 poetae
527 2433 691 2502 pleno
732 2453 851 2489 esse
887 2435 1225 2504 excerpendo
1263 2434 1561 2499 confectas,
1603 2452 1667 2488 ex
1705 2432 1906 2501 quibus
1936 2431 2267 2500 florilegium

294 2530 542 2579 nostrum
604 2527 898 2581 conflatum
965 2527 1127 2581 hodie
1185 2528 1284 2581 viri
1343 2527 1487 2581 docti
1543 2525 1791 2580 credunt.
1886 2525 2078 2593 Atque
2140 2540 2265 2577 cum

295 2636 463 2671 unum
492 2625 808 2688 excerptum
835 2620 1071 2673 alterum
1097 2621 1301 2686 trahat,
1343 2638 1450 2673 non
1480 2618 1748 2672 dissimile
1773 2617 1884 2673 veri
1912 2623 1998 2671 est
2025 2615 2266 2687 syllogas

294 2712 562 2779 paulatim
614 2713 682 2766 ad
735 2730 1001 2766 summam
1051 2712 1377 2767 brevitatem
1418 2711 1704 2777 redactas,
1756 2709 1871 2764 scil.
1911 2727 1979 2764 ex
2032 2709 2265 2778 singulis

294 2803 484 2871 elegiis
523 2805 741 2875 singula
777 2805 977 2873 quibus
1011 2806 1307 2874 praecipue
1345 2806 1426 2858 vis
1458 2804 1634 2859 totius
1665 2804 1922 2858 carminis
1960 2803 2264 2858 continere-

294 2901 385 2949 tur
424 2896 658 2951 disticha
696 2904 947 2952 extracta
984 2915 1132 2963 esse,
1189 2915 1296 2965 quo
1348 2898 1564 2951 facilius
1603 2901 1903 2965 praecepta
1940 2900 2266 2950 tenerentur

296 2994 350 3042 et
386 2989 553 3043 edisci
600 2996 839 3058 possent,
892 2995 1249 3059 extractaque
1294 2991 1349 3043 in
1399 2989 1667 3059 syllogam
1705 2987 1954 3044 collecta.
2029 2987 2158 3042 Hoc
2197 3003 2264 3042 eo

295 3080 513 3135 facilius
553 3082 673 3135 fieri
709 3089 929 3151 poterat
966 3082 1114 3151 quod
1154 3081 1431 3150 Theognis
1469 3081 1792 3150 plerumque
1832 3080 1888 3133 in
1926 3079 2034 3136 fine
2066 3085 2261 3150 penta·

294 3174 454 3227 metri
484 3176 813 3229 sententiam
851 3176 1070 3243 gravius
1108 3174 1304 3229 incidit
1340 3173 1426 3227 vel
1468 3172 1688 3227 omnino
1725 3171 2008 3227 concludit
2028 3173 2090 3239 ¹).

437 3358 448 3382 ¹
459 3371 467 3406 ι
499 3356 571 3401 De
603 3358 982 3414 interpunctione
1022 3362 1131 3416 post
1160 3357 1392 3403 distichon
1436 3358 1495 3403 cf.
1526 3357 1803 3415 Langenum
1844 3355 1904 3401 de
1933 3355 2136 3401 disticho
2166 3355 2260 3402 ele·

289 3428 420 3485 giaco
451 3444 494 3486 p.
529 3430 581 3473 15
610 3443 692 3485 sq„
731 3431 785 3474 31
818 3443 885 3486 sq.
918 3434 966 3474 et
996 3429 1265 3475 Rennerum
1316 3428 1456 3475 Ueber
1493 3428 1579 3474 das
1620 3427 1953 3474 For-melma
1990 3426 2058 3472 im
2090 3426 2261 3486 micola.

290 3499 417 3557 Epos
446 3503 533 3545 etc.
562 3498 709 3557 (Lips.
744 3501 874 3552 1872)
915 3515 959 3558 p.
1003 3502 1069 3546 ll.
1130 3500 1225 3546 Sed
1265 3514 1356 3545 non
1397 3500 1598 3545 multum
1641 3498 1923 3544 discriminis
1963 3497 2260 3544 intercedere

290 3571 427 3615 video
473 3571 596 3615 inter
639 3574 799 3628 poetas
844 3570 1134 3616 diversorum
1183 3575 1463 3628 temporum.
1534 3569 1731 3615 Prorsus
1777 3582 2023 3627 perperam
2063 3568 2261 3627 Langen
