2372 4108
1076 268 1428 321 ..12-

274 435 432 499 parte
483 429 697 497 potiore
753 426 1135 481 denominasse
1155 427 1213 498 ¹).
1285 427 1424 481 Mihi
1475 446 1604 483 vero
1653 428 1752 483 illa
1786 432 2059 498 carmina,
2114 448 2240 497 cum

274 539 458 575 errore
512 520 803 572 memoriae
851 518 991 586 (also
1042 537 1141 587 pro
1177 518 1549 587 Theognideis
1596 520 1933 576 haberentur
1976 528 2032 577 et
2079 541 2240 580 verus

272 617 465 667 auctor
484 613 539 664 in
562 610 889 665 oblivionem
924 611 1180 679 venisset,
1216 612 1272 664 in
1299 612 1536 680 syllogas
1563 609 1899 682 Theognidis
1928 615 2242 684 pervenisse

272 704 539 768 videntur,
569 703 625 755 id
652 702 798 771 quod
837 721 938 771 pro
976 708 1299 772 argumento
1335 701 1660 773 plerumque
1690 706 1942 773 gnomico
1971 712 2027 760 et
2051 706 2237 762 didac-

275 796 386 849 tico
424 794 587 847 facile
626 793 879 847 accidere
917 801 1141 863 poterat
1158 796 1212 865 ²).

417 887 621 942 Verum
660 892 722 939 ut
757 886 826 938 ad
876 885 932 938 id
969 886 1115 940 unde
1155 886 1399 954 digressa
1450 892 1534 941 est
1574 889 1828 956 quaestio
1865 896 2236 945 revertamur:

271 997 455 1033 versus
494 982 705 1032 53—60
734 978 893 1031 nobis
934 978 1157 1046 genuini
1196 996 1313 1033 esse
1340 979 1689 1047 videbantur,
1731 979 1910 1035 forma
1945 999 2074 1037 vero
2110 987 2245 1052 post

271 1089 351 1123 vv.
404 1074 539 1124 1080
596 1070 807 1123 variata
850 1071 1055 1141 spuria.
1146 1070 1358 1125 Eodem
1413 1072 1578 1126 modo
1633 1073 2068 1128 controversiam
2122 1073 2235 1129 dis·

269 1167 624 1231 ceptaverunt
678 1161 752 1215 M.
806 1161 1066 1217 Schaefer
1115 1162 1170 1215 in
1217 1162 1609 1218 dissertatione
1659 1182 1760 1219 sua
1817 1182 2014 1233 magna
2065 1163 2237 1219 laude

271 1254 437 1322 digna
487 1273 537 1322 q.
592 1254 628 1307 i.
715 1253 803 1308 De
850 1255 1066 1308 iteratis
1117 1255 1265 1323 apud
1317 1254 1692 1325 Theognidem
1743 1256 1993 1311 distichis
2044 1256 2233 1325 (Halia

276 1348 432 1415 1891)
476 1364 531 1415 p.
565 1349 759 1411 8-11‚
800 1364 1131 1416 quamquam
1169 1347 1385 1401 ratione
1431 1349 1598 1417 paulo
1638 1350 1751 1404 alia
1789 1348 2140 1418 concludens,
2181 1356 2241 1405 et

269 1437 451 1493 Gauer
477 1438 681 1491 Philol.
720 1442 854 1491 1891
897 1457 947 1508 p.
981 1442 1084 1492 533
1123 1457 1241 1509 sqq.
1262 1439 1322 1511 ⁸).
1384 1436 1560 1494 Iidem
1598 1458 1723 1496 cum
1762 1443 1926 1496 etiam
1965 1442 2033 1497 de
2069 1442 2238 1498 versi-

269 1531 368 1584 bus
397 1534 608 1584 39-42
637 1536 693 1584 et
717 1534 850 1584 1081
869 1549 959 1584 a—
980 1535 1116 1585 1082
1134 1532 1167 1585 b
1196 1531 1487 1603 (Schaefer
1506 1537 1732 1601 p.6—8‚
1759 1532 1942 1589 Oauer
1960 1553 2013 1604 p.
2033 1534 2235 1606 533)⁴)‚

268 1627 513 1677 213-18
553 1629 608 1677 et
648 1626 933 1676 1071—74
982 1625 1274 1695 (Schaefer
1312 1644 1365 1695 p.
1410 1630 1474 1679 17
1516 1643 1615 1696 sq„
1655 1624 1838 1681 Cauer
1887 1645 1941 1696 p.
1980 1630 2086 1681 535
2124 1634 2235 1699 sq.)

269 1715 684 1784 Theognideam
722 1717 1024 1770 carminum
1053 1717 1282 1771 formam
1321 1720 1508 1787 priore
1546 1718 1668 1772 loco
1705 1717 1923 1773 fidelius
1961 1726 2233 1775 servatam

267 1825 430 1876 quam
468 1810 778 1876 posteriore
812 1810 1095 1879 praeclare
1135 1811 1416 1878 evicerint,
1467 1830 1578 1865 non
1630 1829 1768 1880 opus
1818 1816 1903 1865 est
1947 1811 2111 1880 plura
2163 1813 2235 1868 de

267 1917 326 1954 re
382 1901 551 1954 verba
604 1901 802 1956 facere.
894 1902 1095 1972 Itaque
1145 1920 1333 1956 versus
1391 1907 1700 1971 1071-74,
1764 1907 1898 1957 1081
1917 1904 2236 1970 9,-10821),

273 1996 551 2046 1109-14
584 1995 702 2048 sine
733 1994 847 2048 ulla
886 1994 1237 2049 dubitatione
1279 2014 1346 2049 ex
1384 1995 1757 2065 Theognideis
1795 1996 2141 2052 secludemus
2176 2003 2237 2051 et

268 2086 685 2140 removebimus.

408 2179 586 2233 Porro
626 2187 756 2234 sunt
793 2199 932 2250 quas
972 2181 1029 2235 in
1065 2181 1201 2235 duas
1232 2187 1419 2251 partes
1458 2182 1791 2237 dirimendas
1832 2199 2084 2236 censeam
2123 2181 2232 2237 ele·

267 2273 407 2339 giae.
487 2272 586 2327 Vv.
631 2277 842 2326 83-86
896 2292 1019 2327 cum
1070 2273 1293 2328 Hillero
1346 2273 1687 2329 confidenter
1725 2293 1757 2327 a
1791 2273 2039 2328 versibus
2086 2278 2236 2328 ante-

411 2466 446 2521 ¹)
478 2464 625 2509 Velut
664 2463 823 2509 Hiller
863 2479 908 2523 p.
930 2467 1040 2520 471;
1087 2465 1246 2524 Bergk
1285 2469 1409 2523 poet.
1441 2465 1527 2522 lyr.
1558 2465 1721 2511 Graec.
1755 2464 1836 2509 11⁴
1866 2480 1911 2522 p.
1933 2466 2020 2511 23⁶
2049 2468 2099 2510 et
2126 2466 2232 2521 286,

265 2535 651 2595 Diteraturqesch.
683 2551 728 2594 p.
744 2538 830 2581 315
851 2551 950 2594 sqq.

408 2622 445 2679 ¹)
477 2622 686 2667 Similem
728 2622 963 2679 quandam
1002 2623 1283 2667 sententiam
1315 2622 1609 2668 Schoemann
1649 2621 1963 2679 (schediasma
1990 2620 2051 2666 de
2079 2619 2232 2667 Theo·

264 2693 404 2750 gnide
436 2708 545 2751 opp.
576 2693 650 2738 IV
680 2710 727 2752 p.
747 2697 825 2751 24)
856 2694 1038 2751 profert
1066 2694 1138 2739 his
1168 2694 1346 2740 verbis:
1379 2694 1620 2740 Nimirum
1653 2706 1831 2738 omnem
1861 2691 1983 2738 banc
2010 2691 2231 2738 collectio-

263 2778 367 2809 nem
396 2778 490 2809 non
520 2778 638 2810 sana
668 2766 871 2823 quadam
893 2767 938 2810 et
956 2779 1113 2811 severa
1134 2766 1319 2812 ratione
1339 2766 1507 2811 critica
1527 2764 1785 2822 confectam
1805 2776 1899 2810 esse
1926 2762 2233 2820 manifestam

263 2837 352 2888 est,
394 2835 471 2879 sed
511 2835 784 2882 institutam
823 2837 881 2881 ab
922 2837 1079 2894 aliquo
1123 2840 1328 2883 veterum
1360 2840 1610 2895 poetarum
1638 2835 1857 2890 studioso,
1897 2835 1980 2892 qui
2006 2832 2233 2892 quidquid

264 2906 427 2963 ubique
461 2907 796 2965 Theoynideum
822 2908 945 2963 ferri
973 2908 1170 2962 videret,
1210 2908 1338 2954 nullo
1369 2911 1491 2954 certo
1522 2907 1706 2962 ordine,
1745 2907 1823 2953 sed
1853 2908 1909 2952 ut
1935 2905 2134 2963 quidque
2161 2917 2232 2951 oc·

263 2978 486 3022 currisset
515 3010 724 3025 .......
754 2980 807 3025 in
837 2980 1026 3025 chartas
1055 2979 1310 3031 coniiceret,
1341 2994 1435 3026 non
1466 2980 1607 3026 anxie
1635 2979 1690 3024 de
1708 2979 1999 3037 sinyulorum
2026 2976 2231 3023 auctori·

266 3051 358 3093 tate
387 3049 624 3094 sollicitus.
686 3049 868 3095 Deinde
899 3055 1056 3095 tamen
1087 3051 1138 3096 in
1168 3053 1447 3096 sententiam
1480 3051 1619 3108 paulo
1649 3050 1787 3095 aliam
1819 3050 1932 3094 abit.

407 3133 445 3191 ⁸)
478 3135 547 3179 Cf.
580 3135 735 3180 Hiller
763 3151 808 3194 p.
830 3139 938 3190 461,
981 3138 1060 3195 qui
1090 3136 1729 3196 tamen-argumentationem
1761 3149 1890 3180 suam
1921 3133 2146 3192 depravat
2175 3146 2231 3178 ea

263 3219 399 3262 quam
442 3206 691 3251 verborum
729 3204 905 3261 ἀγαθοί
947 3213 994 3252 et
1033 3213 1165 3251 κακοί
1202 3210 1368 3253 statuit
1406 3208 1613 3253 notione.
1683 3206 1806 3252 Vide
1844 3206 1984 3251 etiam
2014 3218 2105 3250 van
2142 3203 2231 3250 der

264 3276 450 3333 Meyum
481 3292 524 3334 p.
546 3279 574 3321 8
604 3278 709 3321 adn.
735 3280 770 3323 1.

405 3363 443 3417 ⁴)
475 3361 614 3407 Prior
634 3364 851 3408 carminis
881 3364 1032 3410 forma
1062 3380 1145 3411 cur
1175 3366 1390 3424 eligenda
1418 3366 1491 3419 sit,
1521 3366 1661 3410 etiam
1681 3369 1957 3422 argumento
1986 3377 2086 3409 esee
2114 3361 2229 3407 mihi

263 3433 447 3478 videtur
482 3448 572 3478 vox
602 3450 645 3491 q.
678 3449 716 3479 e.
750 3435 949 3491 ἡγεμόνα
980 3451 1021 3480 v.
1047 3438 1153 3482 1081
1173 3437 1218 3492 b,
1251 3451 1369 3494 quae
1400 3440 1452 3481 ut
1482 3451 1588 3481 cum
1620 3436 1763 3481 verbo
1794 3436 1974 3481 στάσιος
2004 3434 2227 3494 coniungi

267 3508 452 3561 poterat
492 3505 604 3559 (vid.
638 3504 798 3551 Mimn.
831 3513 872 3560 9,
903 3509 974 3562 4),
1013 3507 1080 3551 ita
1119 3508 1197 3552 hic
1236 3507 1473 3565 displicet,
1514 3522 1618 3553 cum
1658 3509 1869 3564 proximo
1908 3520 2046 3552 versu
2085 3518 2225 3551 sensu

265 3575 402 3631 paulo
433 3575 521 3618 alio
551 3576 723 3621 redeat.
