2372 4108
1152 290 1502 341 -53-

491 447 560 502 In
598 448 883 503 vocalibus
934 466 1076 517 quae
1125 450 1182 502 in
1229 448 1338 503 fine
1382 449 1674 504 verborum
1723 451 2135 520 correptionem
2181 457 2315 508 ante
2363 457 2372 525 ξ

348 541 590 595 vocalem
641 540 1009 607 admiserunt,
1057 541 1359 611 principem
1410 540 1595 595 locum
1638 546 1829 598 tenent
1878 543 2208 613 diphthongi
2254 564 2315 599 αι

350 638 406 688 et
441 652 508 700 οι,
544 633 677 686 item
716 637 884 701 atque
921 632 1068 701 apud
1106 631 1426 688 Homerum.
1468 632 1558 686 En
1603 634 1773 689 habes
1822 653 2078 691 numeros
2114 635 2311 706 elegia-

349 742 537 780 corum
592 724 718 806 inde
770 741 804 777 a
849 722 1066 778 Callino
1116 742 1291 793 usque
1355 724 1427 778 ad
1473 725 1828 783 Theocritum
1879 727 2081 785 Chium
2133 730 2206 797 (a)
2255 732 2314 783 et
2366 742 2372 774 ‘-

348 816 852 871 Alexandrinorum
892 833 1029 884 quos
1066 816 1356 884 selegimus
1387 816 1487 886 (b):

488 957 545 990 αι
652 954 702 991 οι
810 957 858 990 ει
964 957 1028 990 av
1101 957 1156 991 ευ
1263 954 1321 990 ου
1429 958 1472 990 ω
1580 960 1624 1010 ῳ
1729 960 1763 1011 η
1868 960 1902 1011 ῃ
2005 946 2042 994 ἆ
2139 960 2177 1011 ᾳ

346 1034 400 1096 α)
459 1033 559 1084 197
636 1033 703 1083 82
798 1033 862 1083 31
970 1034 1003 1083 0
1114 1033 1145 1081 5
1251 1033 1320 1083 42
1409 1034 1477 1084 14
1564 1034 1634 1084 24
1707 1035 1775 1086 35
1846 1035 1913 1085 18
2002 1033 2039 1084 4
2139 1035 2173 1086 2

345 1122 396 1190 b)
496 1126 561 1174 77
638 1125 706 1175 56
801 1125 870 1175 14
974 1128 1004 1176 0
1116 1127 1147 1176 3
1255 1126 1319 1176 31
1412 1126 1481 1177 14
1568 1126 1634 1177 16
1709 1127 1777 1177 22
1881 1126 1913 1176 5
2004 1125 2037 1175 6
2135 1126 2168 1177 3

456 1239 709 1290 274138
799 1239 869 1290 45
975 1242 1008 1291 0
1111 1243 1145 1291 8
1255 1242 1320 1292 73
1414 1242 1482 1292 28
1566 1242 1637 1292 40
1712 1242 1778 1291 57
1851 1240 2039 1292 2310
2135 1241 2167 1291 5

486 1363 637 1418 Hinc
675 1363 989 1418 Hartelium
1030 1365 1191 1420 valde
1228 1384 1413 1420 errare
1463 1366 1816 1436 perspicuum
1855 1371 1941 1420 est
1976 1365 2178 1435 quippe
2216 1364 2312 1433 qui

342 1457 525 1511 hiatus
561 1462 692 1526 post
747 1462 998 1527 tempora
1051 1458 1334 1512 homerica
1373 1458 1629 1528 deinceps
1686 1459 1861 1527 magis
1904 1458 2191 1527 magisque
2228 1455 2309 1511 di·

342 1550 640 1619 phthongis
677 1551 949 1604 reservari
981 1551 1132 1604 dicat
1173 1550 1295 1620 (III
1318 1570 1371 1621 p.
1393 1552 1467 1622 8).
1522 1550 1744 1605 Etenim
1780 1552 1925 1606 ratio
1965 1567 2108 1620 quae
2138 1550 2310 1604 inter·

345 1643 492 1698 cedit
539 1644 685 1697 inter
732 1663 790 1695 αι
840 1643 948 1711 (καί
996 1643 1226 1715 omisso)
1276 1661 1326 1697 οι
1371 1664 1418 1698 ει
1452 1663 1512 1698 ου
1548 1664 1606 1698 ευ
1673 1645 1729 1698 111
1777 1661 1889 1698 una
1922 1647 2083 1714 parte
2129 1641 2311 1711 posita

345 1741 403 1790 et
432 1756 476 1788 ω
507 1756 550 1806 ῳ
581 1756 611 1807 η
641 1756 673 1806 ῃ
701 1741 736 1788 ᾶ
767 1755 803 1805 ᾳ
837 1735 894 1788 111
923 1735 1117 1802 altera,
1153 1734 1301 1803 apud
1321 1734 1627 1790 Homerum
1654 1736 1837 1802 (Iliad.
1868 1741 1923 1790 et
1941 1734 2163 1804 Odyss.)
2199 1749 2308 1787 sec.

344 1827 693 1884 Grulichium
729 1833 812 1881 est
850 1830 937 1894 5,2
964 1846 976 1880 :
1008 1834 1056 1896 1,
1097 1828 1243 1897 apud
1281 1827 1591 1883 Hesiodum
1633 1846 1737 1884 sec.
1772 1829 1973 1883 Rzach.
2021 1828 2130 1881 321
2177 1824 2307 1893 (vid.

343 1926 459 1975 not.
497 1924 664 1974 nostr.
708 1924 735 1973 1
774 1938 826 1989 p.
850 1923 968 1988 52),
1021 1920 1171 1989 apud
1209 1919 1482 1990 elegiacos
1521 1922 1860 1991 antiquiores
1899 1923 2019 1989 3,7:
2045 1923 2102 1987 1,
2158 1916 2307 1988 apud

341 2012 755 2068 Alexandrinos
810 2016 923 2080 2,8:
943 2015 990 2068 1.
1076 2011 1280 2082 Itaque
1336 2015 1491 2084 copia
1543 2014 1817 2068 vocalium
1868 2014 2158 2081 longarum
2204 2027 2307 2081 pro

342 2122 570 2159 numero
612 2104 1083 2174 diphthongorum
1116 2107 1290 2175 magis
1330 2107 1527 2160 crescit
1551 2124 1716 2175 quam
1748 2106 2032 2160 minuitur.
2069 2102 2306 2175 Quastio

342 2202 524 2252 autem
553 2215 682 2250 num
716 2197 930 2266 singula
955 2198 1230 2252 vocalium
1257 2216 1464 2268 genera
1490 2200 1654 2253 certis
1679 2215 1870 2254 versus
1889 2196 2119 2267 pedibus
2146 2195 2308 2267 quasi

343 2289 576 2358 alligata
613 2294 797 2343 essent
832 2307 866 2342 a
904 2290 1063 2344 nobis
1096 2291 1383 2360 instituta,
1435 2297 1498 2346 ut
1535 2290 1741 2346 Hartel
1781 2290 1848 2344 de
1889 2289 2138 2345 Homero
2175 2288 2308 2344 fecit

343 2381 443 2436 III
480 2400 533 2451 p.
572 2386 618 2450 7,
659 2382 870 2437 inutilis
909 2384 1082 2437 evasit
1118 2389 1454 2454 eventusque
1486 2384 1706 2438 nullius.

484 2475 612 2529 Hoc
645 2479 831 2529 autem
870 2492 993 2528 vere
1029 2475 1235 2531 Hartel
1267 2476 1452 2547 posuit
1489 2476 1524 2530 l.
1563 2493 1609 2529 c.
1647 2495 1697 2545 p.
1736 2479 1786 2543 8,
1841 2474 1991 2545 apud
2029 2473 2305 2546 elegiacos

343 2585 630 2622 numerum
674 2568 1078 2637 correptionum
1119 2570 1176 2622 in
1213 2571 1527 2625 universum
1570 2567 1829 2637 deinceps
1866 2566 2113 2621 diminui.
2173 2564 2305 2620 Pro-

340 2660 481 2715 fecto
520 2678 629 2730 quo
668 2661 899 2730 quisque
934 2666 1100 2730 poeta
1154 2667 1337 2717 aetate
1374 2661 1604 2716 inferior
1657 2664 1790 2727 erat,
1845 2677 1910 2714 eo
1957 2658 2135 2727 magis
2187 2658 2303 2712 hia-

339 2758 454 2806 tum
501 2753 708 2807 evitare
760 2758 816 2807 et
864 2755 1195 2823 restringere
1245 2754 1458 2808 studuit
1477 2758 1532 2820 ¹).
1625 2752 1774 2808 Nam
1824 2752 1872 2806 si
1918 2766 2303 2822 comparamus

338 2863 625 2899 numerum
670 2862 924 2900 versuum
975 2851 1300 2901 cunctorum
1356 2863 1480 2900 cum
1533 2845 1778 2900 hiatibus
1827 2844 2050 2915 (ubique
2099 2843 2302 2898 omisso

339 2938 464 3008 καί),
503 2937 642 2991 haec
679 2938 826 2992 ratio
863 2939 1103 2994 exsistit:

338 3041 479 3096 Ilias
1091 3047 1266 3097 15693
1303 3062 1403 3113 vv.,
1444 3044 1582 3098 3345
1621 3043 1995 3113 correptiones
2031 3069 2101 3089 ==
2134 3044 2251 3110 4,7:

338 3131 589 3204 Odyssea
1098 3139 1273 3190 12110
1332 3178 1364 3205 ,,
1440 3139 1579 3190 2806
1797 3176 1828 3203 ,,
2027 3159 2098 3180 ===
2133 3137 2251 3202 4,3:

338 3227 526 3295 hymni
1132 3232 1270 3282 2325
1335 3268 1367 3296 ,,
1475 3230 1581 3282 467
1799 3267 1832 3295 ,,
2029 3251 2102 3272 =
2189 3229 2249 3281 5:

338 3317 928 3390 Gallinas—Tyrtaeus
1167 3324 1271 3374 216
1334 3361 1366 3388 ,,
1513 3324 1580 3374 52
1798 3360 1830 3388 ,,
2028 3343 2099 3364 =
2132 3320 2249 3385 4,1:

337 3411 869 3482 Asius—Theognis
1133 3416 1273 3468 1800
1331 3453 1364 3481 ‚‚
1477 3416 1581 3468 353
1798 3452 1829 3480 ,,
2028 3434 2098 3455 --·
2134 3413 2250 3477 5,1:

486 3605 521 3660 ¹)
551 3603 683 3647 Idem
714 3602 953 3647 contendit
987 3602 1165 3647 Goebel
1201 3602 1260 3647 de
1290 3605 1499 3660 corrept.
1533 3605 1616 3649 stt.
1647 3617 1692 3660 p.
1713 3603 1767 3646 51
1800 3602 1915 3649 thes.
1935 3600 2031 3648 111.

2267 3046 2298 3464 μο-ιι-ιι-ιμ

2362 526 2372 566 l
