2372 4108
1149 272 1502 322 ..20-

342 431 559 486 videtur
609 430 773 485 fictus
824 448 958 484 esse.
1031 430 1285 485 Fuerunt
1336 432 1481 485 enim
1529 433 1624 501 qui
1673 450 1837 502 quam
1874 433 2112 503 plurima
2145 452 2304 506 prae·
2350 471 2352 475 ν

342 529 504 593 cepta
546 523 847 591 sapientiae
886 528 941 576 et
978 539 1223 591 gnomas,
1263 539 1371 590 quo
1410 523 1670 578 maiorem
1709 527 2100 582 auctoritatem
2134 526 2306 583 habe·
2350 595 2351 598 Ἴ

342 622 480 681 rent,
522 614 594 669 ad
634 614 1011 684 Theognidem
1048 615 1250 669 referre
1281 615 1584 681 studerent,
1624 615 1681 669 id
1707 618 1857 686 quod
1885 617 2125 675 disticho
2159 637 2307 675 com·

342 708 544 778 plendo
592 714 648 761 et
699 708 914 761 nomine
965 705 1131 776 Cyrni
1181 697 1438 761 addendo
1488 707 1652 762 facile
1698 708 1842 764 effici
1891 716 2129 780 poterat.
2214 711 2307 785 Ita
2351 739 2353 743 ⁴

342 819 456 855 rem
489 806 668 854 actam
706 816 824 852 esse
866 798 1079 853 Usener
1099 801 1142 868 ¹)
1180 799 1315 852 mihi
1348 799 1635 868 persuasit.

486 892 596 948 Sed
635 893 743 945 iam
781 890 1189 944 subsistendum
1229 897 1329 945 est.
1404 891 1465 946 Si
1497 897 1646 946 recte
1683 910 1798 948 rem
1843 893 2111 963 intelligo,
2149 902 2309 967 quat·

342 992 468 1039 tuor
522 990 650 1038 sunt
705 1001 908 1051 genera
965 983 1410 1051 monelegiorum.
1505 984 1754 1038 Primum
1808 991 1893 1040 est
1946 987 2308 1044 distichorum

343 1094 544 1143 eorum,
597 1094 740 1145 quae
795 1094 902 1130 non
963 1076 1190 1129 consilio
1241 1083 1530 1146 excerpta,
1581 1076 1680 1130 sed
1731 1094 1862 1132 casu
1910 1084 1967 1133 et
2014 1080 2310 1151 iniquitate

343 1175 650 1238 temporum
687 1169 758 1222 ab
798 1168 1132 1222 carminibus
1170 1169 1302 1222 totis
1335 1168 1566 1238 abrepta
1611 1179 1738 1224 sunt
1774 1177 1832 1225 et
1867 1172 1986 1226 sola
2021 1172 2090 1227 de
2126 1173 2312 1244 elegiis

344 1267 754 1327 remanserunt,
837 1261 1192 1330 quamobrem
1258 1262 1498 1329 genuina
1555 1261 1855 1318 iudicanda
1919 1270 2064 1319 sunt.
2183 1264 2313 1321 Hoc

344 1355 488 1409 valet
534 1355 799 1425 imprimis
859 1355 915 1407 in
963 1371 1030 1407 ea
1084 1371 1316 1423 quorum
1359 1354 1618 1409 ,condicio
1666 1372 1775 1410 non
1828 1373 1895 1410 ea
1946 1357 2166 1428 integra
2216 1357 2315 1414 sed

344 1448 585 1502 frustula
625 1464 744 1501 esse
785 1448 1006 1500 evincat
1041 1452 1104 1500 ut
1142 1448 1397 1517 299J300:

588 1558 761 1624 οὐδεὶς
796 1560 860 1632 δή
894 1562 1050 1631 φίλος
1079 1555 1225 1623 εἶναι,
1265 1559 1401 1633 ἐπήν
1431 1560 1587 1615 κακόν
1626 1559 1779 1631 ἅνδρὶ
1814 1565 2035 1634 γένηται,

689 1650 798 1707 οὐδ’
837 1647 881 1723 ᾦ
919 1651 1023 1706 κ’ἐκ
1058 1652 1294 1723 γαστρός,
1329 1654 1511 1723 Κύρνε,
1550 1659 1678 1726 μιῆς
1711 1653 1899 1725 γεγόνῃ
1915 1654 1974 1724 ⁹).

348 1768 449 1823 Vv.
490 1770 682 1835 539s4o
721 1785 788 1821 ex
826 1768 1069 1821 carmine
1107 1767 1315 1821 maiore
1365 1786 1485 1823 esse
1523 1785 1684 1822 nemo
1722 1785 1835 1822 non
1883 1766 2050 1824 videt.
2138 1768 2317 1824 Porro

345 1880 425 1917 vv.
466 1863 678 1929 819s20,
723 1862 897 1929 371s2,
949 1863 1105 1925 655]ss
1145 1860 1373 1914 consilio
1413 1865 1662 1914 extracta
1698 1877 1818 1915 esse
1855 1864 2157 1930 nequeunt,
2196 1877 2319 1915 cum
2358 1884 2360 1886 ·

346 1972 435 2008 res
468 1954 791 2008 contineant
822 1953 892 2007 ad
920 1970 1211 2022 personam
1245 1951 1583 2021 Theognidis
1619 1953 1792 2008 solam
1816 1954 2175 2023 pertinentes,
2207 1969 2320 2008 non

348 2065 567 2101 sensum
619 2047 930 2114 generalem
980 2045 1250 2110 habeant,
1308 2050 1535 2113 propter
1585 2062 1747 2115 quem
1794 2061 2090 2115 excerpere
2140 2045 2321 2100 cuius·

350 2157 514 2208 quam
552 2140 818 2193 interesse
856 2144 1095 2208 poterat.
1173 2137 1344 2191 Porro
1384 2154 1450 2191 ea
1487 2136 1743 2204 disticha,
1793 2139 1851 2192 in
1889 2137 2092 2209 quibus
2126 2155 2322 2193 vocum
2360 2155 2361 2158 ’

351 2251 490 2301 quae
517 2238 644 2286 sunt
667 2230 837 2295 κακός,
864 2229 1084 2300 ἀγαθός,
1114 2229 1323 2294 ἐσθλός,
1362 2229 1534 2294 δειλός
1566 2230 1647 2283 vis
1673 2235 1736 2284 ut
1766 2231 1849 2285 ita
1877 2230 2059 2285 dicam
2092 2228 2323 2299 politica

352 2331 542 2394 aperte
580 2324 949 2393 conspicitur,
1002 2328 1239 2393 apparet
1277 2340 1385 2376 non
1426 2323 1482 2376 in
1533 2341 1691 2378 usum
1743 2340 2084 2378 communem
2121 2323 2323 2378 civium

352 2418 437 2472 vel
490 2417 882 2486 discipulorum
934 2433 1095 2485 posse
1149 2415 1219 2469 ab
1266 2415 1598 2468 Atheniensi
1652 2416 1893 2486 quodam
1935 2415 2005 2470 ad
2057 2414 2323 2486 syllogam

347 2509 804 2579 compingendam
841 2509 1133 2578 desumpta
1170 2525 1308 2562 esse.
1386 2507 1496 2578 Qui
1536 2509 1682 2561 enim
1731 2509 1826 2563 ille
1876 2525 2084 2575 versus,
2122 2507 2324 2578 quibus

348 2620 534 2656 omnes
573 2603 806 2656 virtutes
852 2603 909 2655 in
955 2601 1233 2656 nobilibus
1284 2601 1414 2654 solis
1450 2602 1662 2670 positas
1698 2600 1932 2669 dicatur,
1982 2599 2191 2655 civibus
2227 2617 2325 2672 po·
2364 2626 2372 2671 1

350 2694 636 2763 pularibus
664 2701 726 2748 ut
750 2695 946 2763 plenos
974 2711 1219 2747 summae
1247 2693 1552 2762 sapientiae
1579 2691 1965 2748 commendare
1999 2690 2326 2763 poterat⁸)?
2365 2676 2372 2747 Ι

497 2873 534 2927 ¹)
565 2871 730 2916 Jahrb.
759 2871 797 2926 f.
829 2870 965 2916 klass.
998 2869 1120 2915 Phil.
1157 2870 1269 2914 1878
1299 2884 1343 2926 p.
1374 2871 1443 2914 70.

491 2943 528 2999 ⁵¹)
561 2944 851 2999 Quamquam
882 2943 1033 2987 critici
1066 2942 1348 2986 coniecturis
1378 2940 1659 2985 sententiam
1705 2943 1753 2984 et
1792 2940 2056 2985 orationem
2096 2940 2326 2998 integram

351 3014 595 3058 restituere
626 3014 779 3058 conati
810 3018 932 3058 sunt.
993 3013 1066 3058 De
1098 3012 1261 3057 formis
1291 3012 1463 3057 doricis
1493 3025 1607 3068 quas
1638 3011 1797 3069 Bergk
1826 3011 1998 3056 iniuria
2027 3010 2330 3058 introducere

350 3085 551 3139 studuit,
592 3089 719 3130 recte
756 3085 985 3129 iudicavit
1026 3084 1207 3129 Glemm
1249 3083 1413 3129 Jahrb.
1451 3083 1491 3138 f.
1531 3082 1667 3128 klass.
1710 3081 1835 3128 Phil.
1878 3083 1992 3127 1888
2028 3097 2074 3141 p.
2116 3086 2145 3127 9
2171 3096 2242 3140 sq.
2271 3105 2330 3117 —-
2369 3131 2372 3143 ζ

354 3156 571 3201 Ceterum
604 3155 663 3199 de
698 3170 769 3199 vv.
802 3156 861 3200 cf.
893 3171 939 3213 p.
971 3157 1027 3199 63
1058 3169 1157 3212 sqq.
2367 3148 2372 3194 ²:

492 3227 530 3282 ³)
563 3226 640 3271 Me
685 3227 874 3283 quidem
915 3226 1069 3271 iudice
1110 3226 1212 3271 luce
1243 3225 1414 3270 clarius
1445 3228 1515 3270 est
1546 3223 1672 3282 apud
1701 3223 2024 3283 'lheognidem
2063 3223 2319 3283 genuinum

349 3311 482 3342 voces
511 3296 683 3354 ἀγαθά.
676 3316 686 3324 ·
717 3301 764 3342 et
795 3295 938 3340 ἐσθλά
914 3315 961 3342 ος
991 3298 1050 3342 de
1079 3296 1330 3350 nobilibus,
1371 3297 1503 3341 κακός
1534 3300 1581 3340 et
1611 3292 1755 3340 δειλός
1783 3295 1842 3340 de
1873 3294 2071 3354 plebeiis
2100 3294 2198 3340 fere
2228 3294 2333 3340 ubi·
2365 3308 2372 3361 q

350 3382 439 3425 que
470 3369 697 3425 usurpari.
758 3368 1005 3413 Factiones
1034 3369 1106 3412 his
1136 3368 1293 3413 verbis
1323 3366 1659 3447 significantur,
1691 3370 1748 3412 ut
1774 3366 1901 3424 apud
1921 3370 2159 3412 auctorem
2179 3365 2329 3411 libelli
2364 3362 2372 3411 i

351 3440 410 3483 de
442 3439 628 3483 civitate
660 3440 1017 3483 Atheniensium
1047 3439 1147 3483 fieri
1179 3438 1402 3492 videmus,
1435 3437 1543 3493 quia
1572 3437 1825 3495 oligarchis
1855 3437 1987 3483 notio
2016 3435 2248 3482 nobilium
2279 3439 2330 3483 et
2363 3445 2372 3471 ¹

349 3509 578 3555 bonorum
619 3512 665 3554 in
707 3523 849 3554 unum
880 3508 1113 3554 confluere
1142 3509 1405 3554 videbatur.
1467 3508 1571 3554 Nou
1602 3508 1670 3553 ita
1699 3514 1857 3553 tamen
1892 3521 1967 3552 res
2004 3522 2054 3553 se
2083 3507 2241 3562 habet,
2271 3504 2327 3553 ut

352 3581 587 3639 Theognis
617 3582 851 3625 neminem
882 3580 938 3625 de
970 3580 1164 3637 plebeiis
1197 3580 1330 3624 bonis
1361 3579 1568 3625 moribus
1599 3593 1698 3625 esse
1740 3592 1877 3636 posse
1917 3577 2184 3624 crediderit.
2245 3564 2333 3625 Ἧι

2361 3758 2372 4108 3
