2372 4108
880 256 1084 303 -⁴15
1163 281 1223 289 -

87 414 274 480 Atque
312 414 442 481 quia
478 431 691 466 versum
730 414 958 481 simplici
998 412 1159 465 modo
1200 413 1464 471 scil.,uno
1499 414 1663 466 verbo
1704 416 2028 483 corrigendo

28 523 31 526 ’
86 503 311 573 despero
363 505 639 558 emendari
689 523 877 573 posse,
938 506 1209 557 distichon
1261 510 1384 572 post
1433 523 1477 556 v.
1533 509 1634 557 328
1687 507 2028 560 intercidisse

10 634 29 655 -x
86 596 335 663 arbitror,
377 615 483 664 quo
525 596 758 649 disticho
799 598 996 649 amisso
1034 613 1154 648 cum
1194 597 1370 648 oratio
1410 595 1604 660 hiaret‚
1645 597 1713 649 ab
1754 598 1940 666 aliquo
1974 602 2026 651 in

0 709 11 746 ‚1
85 705 132 741 v.
173 691 274 740 328
315 692 542 740 exeunte
582 688 758 759 φέρειν
796 689 1032 755 positum
1072 705 1203 752 esse,
1255 694 1315 739 ut
1364 687 1526 754 plena
1566 687 1874 742 efficeretur
1914 709 2029 743 sen-

84 779 338 845 tentia]¹).
411 779 698 832 Sententia
736 783 917 831 autem
958 796 1119 847 quam
1153 778 1382 846 protulit
1407 785 1588 846 poeta,
1630 780 1837 848 duplici
1871 783 2032 834 modo

26 901 36 906 -
83 871 375 939 propagari
424 875 643 937 poterat
691 872 744 922 in
787 871 863 922 eis
910 888 1050 937 quae
1090 871 1293 922 amissa
1330 876 1486 938 puto,
1537 877 1658 924 aut:
1711 874 1893 925 delicta
1939 875 2032 925 soli

0 956 3 957 ⁷
84 962 167 1025 dei
215 979 318 1014 non
372 963 675 1014 committere
731 964 914 1028 solent,
972 967 1092 1014 aut:
1144 962 1226 1013 det
1278 963 1460 1015 nolunt
1508 971 1714 1031 peecata
1768 965 2032 1018 hominum

86 1056 260 1107 omnia
289 1056 494 1123 punire.

121 1183 124 1186 ·
171 1191 174 1194 ’
226 1164 355 1222 Jam
402 1174 746 1221 transeamus
795 1168 864 1219 ad
913 1186 992 1219 vv.
1045 1170 1356 1234 897—900,
1417 1168 1508 1235 qui
1561 1169 1615 1220 in
1672 1169 1822 1222 libris
1870 1187 2034 1222 manu

13 1331 16 1333 Α
87 1258 300 1328 scriptis
325 1279 584 1329 perquam
625 1261 864 1327 corrupti
891 1260 1146 1327 leguntur
1172 1260 1451 1326 multaque
1478 1261 1716 1313 virorum
1747 1260 2033 1314 doctorum

6 1340 14 1406 ᾆ-
86 1353 388 1404 tentamina
422 1353 571 1419 passi
609 1358 749 1404 sunt.
813 1352 898 1404 De
935 1351 1132 1418 quibus
1171 1352 1303 1419 quid
1334 1370 1433 1404 nos
1471 1352 1769 1404 iudicemus
1797 1352 2034 1404 breviter

89 1428 438 1512 exponamus·
524 1445 770 1497 Primum
824 1462 945 1496 cum
987 1443 1296 1511 Hartungio
1341 1447 1426 1495 καί
1473 1462 1571 1510 pro
1629 1440 1702 1507 (ἇς
1750 1462 1798 1496 v.
1839 1448 1942 1496 898
1983 1450 2035 1495 et

89 1553 209 1588 cum
237 1535 556 1589 Hermanno
593 1542 698 1588 τῶν
732 1556 787 1588 τε
816 1535 1028 1588 δικαίων
1063 1541 1165 1588 τῶν
1201 1535 1443 1588 τ’(ἰόίκων
1479 1537 1533 1587 in
1559 1536 1803 1588 versibus
1830 1536 2035 1588 ultimis

88 1628 387 1682 scribimus
462 1627 680 1681 Deinde
718 1629 773 1680 id
807 1627 1078 1695 agendum
1117 1633 1178 1680 ut
1215 1646 1412 1680 nomen
1441 1627 1599 1680 Jovis
1639 1628 1724 1679 vel
1764 1627 2034 1695 generalis

8 1791 11 1794 Α
88 1719 419 1791 significatio
457 1720 682 1773 deorum
713 1751 781 1757 -—
817 1738 938 1771 nam
983 1718 1050 1772 de
1091 1720 1311 1771 numine
1351 1719 1532 1771 divino
1567 1721 1715 1772 vitiis
1755 1719 2035 1772 hominum

11 1801 13 1806 ἲ
87 1813 407 1880 indulgente
438 1813 526 1880 agi
551 1812 674 1864 luce
701 1812 900 1864 clarius
941 1815 1024 1865 est
1061 1843 1126 1849 —
1166 1813 1506 1865 restituatur.
1570 1812 1654 1864 At
1692 1812 1862 1864 ceteri
1897 1829 2036 1877 quae

17 1972 21 1973 ἶ
87 1910 489 1973 proposuerunt
533 1904 710 1957 facere
759 1921 869 1955 non
915 1921 1135 1970 possum
1176 1905 1306 1971 quin
1346 1905 1577 1956 reiciam.
1664 1904 1885 1956 Etenim
1929 1903 2038 1955 iam

87 1997 214 2050 inde
254 1995 400 2065 quod
437 2002 550 2049 tam
588 1996 936 2063 vehementer
983 1996 1196 2048 variant
1244 1996 1502 2048 lectiones
1541 1996 1870 2063 propositae,
1921 2012 2036 2046 rem

91 2094 320 2158 apparet
374 2089 478 2141 hac
535 2089 622 2140 via
678 2106 799 2140 cum
852 2087 1241 2155 probabilitate
1296 2088 1365 2139 ad
1426 2078 1589 2140 finem
1645 2088 1870 2155 perduci
1928 2105 2036 2138 non

81 2200 264 2251 posse.
334 2181 568 2234 Accedit
604 2181 748 2249 quod
787 2180 1057 2248 quomodo
1105 2180 1186 2231 illi
1235 2181 1640 2247 corruptionem
1694 2197 1834 2246 quae
1875 2178 2037 2230 hodie

92 2279 272 2328 exstat
328 2292 393 2327 ex
447 2275 684 2327 lectione
750 2291 850 2325 sua
907 2273 1221 2326 existiment
1281 2277 1495 2338 natam,
1558 2272 1867 2339 intelligere
1928 2288 2037 2322 non

90 2385 325 2435 possum.
395 2366 667 2435 Equidem
703 2367 747 2418 si
779 2366 981 2418 codicis
1009 2373 1062 2418 A
1099 2366 1426 2433 scripturam
1467 2382 1533 2416 ex
1570 2381 1679 2431 qua
1716 2364 1830 2415 sine
1871 2362 2037 2414 dubio

90 2458 545 2527 proficiscendum
581 2464 663 2511 est
699 2459 950 2526 respicio,
1002 2458 1162 2510 aliter
1200 2458 1395 2509 iudico,
1429 2469 1432 2472 ⁴
1465 2456 1693 2523 Legitur
1719 2455 1884 2506 enim
1934 2454 2037 2505 ibi:

91 2550 248 2619 Κύρν’
286 2549 334 2603 εἰ
369 2551 519 2602 πάντ’
556 2549 790 2617 ἄνδρεσσι
834 2555 1177 2619 καταθνητοῖς
1224 2550 1572 2614 χαλεπαίνειν,
1626 2547 1718 2599 ubi
1755 2546 1908 2598 facili
1947 2563 2038 2597 ne-

93 2643 240 2708 gotio
288 2644 544 2695 restituas
600 2644 925 2707 χαλέπαινεν.
1001 2641 1253 2695 Gonicias
1301 2643 1472 2709 igitur
1527 2657 1722 2692 nomen
1767 2638 1928 2699 Jovis
1986 2638 2042 2688 in

92 2734 336 2787 versibus
375 2735 821 2788 antecedentibus
860 2752 989 2787 casu
1028 2735 1263 2802 quodam
1305 2733 1560 2786 abscissis
1590 2732 1833 2800 positum
1859 2730 2039 2781 fuisse.

94 2826 256 2894 Quod
304 2828 472 2893 magis
522 2827 875 2880 confirmatur
924 2845 985 2880 eo
1034 2827 1181 2894 quod
1229 2844 1309 2878 vv.
1349 2827 1631 2876 897-900
1679 2822 1830 2874 nullo
1881 2821 2043 2872 modo

92 2918 309 2986 plenam
347 2915 723 2988 integramque
762 2921 992 2987 elegiam
1040 2919 1223 2972 facere
1268 2921 1511 2985 possunt.
1587 2914 1762 2967 Deest
1808 2914 1951 2965 enim
1988 2912 2044 2963 id

95 3029 201 3079 quo
250 3012 504 3064 universa
548 3013 817 3065 sententia
867 3017 1104 3080 spectet,
1154 3014 1504 3078 praeceptum
1558 3006 1738 3074 Cyrno
1790 3005 2042 3071 dandum,

95 3103 166 3155 ad
204 3104 351 3171 quod
388 3105 771 3172 explicandum
809 3105 944 3156 haec
983 3103 1282 3156 adduntur:
1322 3100 1532 3169 Jupiter
1574 3101 1708 3151 enim
1749 3102 1793 3150 st
1828 3098 2043 3149 homini-

95 3195 186 3247 bus
219 3196 449 3248 omnibus
483 3198 786 3248 irasceretur
813 3200 913 3248 etc.
976 3195 1016 3248 J
1021 3213 1106 3247 am
1147 3193 1382 3246 elucebit
1407 3193 1466 3244 id
1503 3191 1648 3260 quod
1675 3191 2043 3243 desideremus

97 3288 365 3340 contineri
400 3306 478 3342 vv.
508 3291 752 3340 323—28
790 3288 999 3355 hosque
1039 3303 1159 3338 cum
1193 3286 1438 3339 versibus
1477 3284 1680 3337 nostris
1720 3287 2043 3336 connecten-

240 3481 279 3535 1)
310 3479 476 3524 Finem
504 3494 662 3524 versus
692 3480 1050 3536 interpolatione
1081 3479 1307 3522 resartum
1337 3477 1473 3533 p'utat
1494 3475 1670 3520 Usener
1699 3475 1883 3530 praeter
1903 3486 1944 3515 v.
1961 3472 2045 3513 742

97 3550 236 3594 etiam
267 3551 324 3594 de
352 3567 427 3596 vv.
449 3553 534 3596 710
565 3555 611 3595 et
641 3553 737 3597 729.
