2372 4108
817 221 1165 269 -31—

16 380 193 450 Κύρν’,
243 379 613 452 ὀδυνηρότερον.
711 381 877 434 Addo
933 379 1070 432 haec
1119 378 1317 431 idonea
1368 394 1507 444 quae
1558 380 1966 443 comparentur:

17 473 168 543 Tyrt.
223 475 305 540 10,
355 476 391 525 4
442 473 697 538 (πάντων)
748 471 850 526 ἔστ’
903 470 1262 542 α’νιηρότατονς
1318 467 1534 523 Gallim.
1586 469 1751 536 epigr.
1803 470 1884 531 14,
1935 468 1970 517 4

19 565 239 619 Wilam.
277 566 431 635 χρῆμ’
469 561 824 633 ἅνιηρότερον;
876 562 1200 616 Cleobulina
1247 566 1295 628 2,
1341 565 1371 613 2
1423 566 1574 613 τοῦτο
1623 561 1968 622 δικαιότατον,

21 657 130 713 Sol.
171 660 253 723 12,
293 660 324 709 2
361 654 614 721 (πάντων)
649 655 756 708 ἐστὶ
792 655 1112 725 δικαιοτάτης
1156 652 1369 706 Gallim.
1413 657 1496 719 32,
1546 655 1582 704 4
1615 654 1750 704 τοῦτ’
1789 649 1968 717 ἀνερα-

18 749 274 815 στότατον,
311 747 490 799 omnia
522 747 577 798 in
615 747 785 800 altero
824 747 941 800 colo
978 747 1310 814 pentametri
1330 747 1385 816 ¹).
1463 743 1649 814 Quid?
1700 761 1765 796 ex
1797 740 1971 794 tribus

22 839 280 908 exemplis
320 856 461 906 quae
500 839 713 891 nomine
754 838 921 906 Cyrni
961 843 1158 891 ornata
1196 837 1502 904 Theognidi
1541 837 1644 904 ipsi
1683 831 1974 888 tribuenda

21 936 149 986 sunt
194 932 337 997 (124,
391 934 511 995 812,
565 934 707 996 896),
766 948 945 983 nonne
995 935 1224 998 apparet
1277 930 1325 982 ei
1381 930 1475 997 qui
1528 935 1613 982 ter
1663 926 1834 981 verba
1879 924 1974 976 illa

21 1023 322 1088 iteraverit,
360 1023 525 1075 etiam
561 1028 813 1089 quartum
851 1021 1113 1074 adhibere
1159 1021 1418 1074 licuisse?
1471 1019 1594 1088 Quo
1641 1022 1757 1073 iure
1808 1018 1975 1085 igitur

22 1133 70 1169 v,
115 1117 250 1168 1356
288 1131 395 1167 non
435 1113 503 1167 ab
541 1114 731 1167 eodem
776 1119 942 1182 poeta
980 1113 1257 1181 proficisci
1301 1130 1461 1181 posse
1507 1112 1747 1165 affirmas
1786 1116 1841 1163 et
1877 1126 1975 1177 per

25 1206 310 1278 parodiam
337 1206 541 1259 dictum
569 1207 725 1259 esse?
765 1205 924 1274 Quia,
965 1206 1161 1273 inquis,
1194 1222 1522 1273 quamquam
1560 1223 1657 1273 per
1688 1221 1745 1257 se
1775 1201 1978 1255 licebat

23 1303 287 1369 repetere,
328 1315 436 1351 non
476 1298 541 1350 de
577 1315 634 1351 re
671 1299 814 1351 seria
854 1303 908 1351 et
943 1298 1095 1366 gravi
1131 1303 1473 1366 repetuntur,
1514 1297 1609 1350 sed
1646 1297 1711 1349 de
1758 1313 1816 1348 re
1855 1293 1976 1347 levi.

27 1391 138 1448 Sed
169 1391 256 1444 hic
290 1394 418 1443 tuus
458 1407 608 1443 error
647 1395 744 1455 est,
785 1390 1031 1443 carmina
1069 1407 1310 1443 amorem
1344 1389 1603 1457 puerilem
1645 1385 1980 1441 continentia

26 1502 115 1537 res
155 1482 384 1536 leviores
423 1487 476 1534 et
513 1482 755 1535 ludicras
788 1481 1077 1549 appellare.
1135 1482 1196 1536 Si
1235 1483 1355 1549 quis
1390 1482 1560 1534 oculis
1601 1486 1662 1533 ut
1696 1481 1775 1532 ita
1801 1479 1978 1531 dicam

26 1575 307 1629 hominum
343 1576 705 1626 recentiorum
745 1592 859 1626 rem
891 1575 1079 1640 cernit,
1130 1575 1350 1627 omnino
1397 1574 1462 1626 de
1499 1578 1619 1626 tota
1659 1571 1978 1639 quaestione

26 1685 93 1721 ne
133 1667 335 1720 audeat
376 1667 636 1719 iudicare.
714 1666 876 1735 Quid,
931 1666 1077 1734 quod
1133 1666 1419 1719 formulam
1459 1665 1611 1718 illam
1651 1681 1760 1717 non
1806 1662 1980 1715 solum

25 1760 82 1812 in
131 1758 455 1812 collectione
500 1763 687 1810 nostra
736 1763 992 1826 corrupta
1043 1757 1399 1826 Theognidea
1454 1740 1670 1810 exstare
1719 1755 1980 1819 videmuS,

30 1850 127 1904 sed
166 1850 330 1903 etiam
368 1849 514 1917 apud
563 1850 703 1903 alios
742 1855 936 1918 poetas
973 1851 1278 1918 elegiacos?
1327 1850 1411 1903 Eo
1449 1850 1622 1916 magis
1657 1849 1853 1916 opinor
1885 1845 1981 1898 ho-

29 1941 266 1996 minibus
304 1942 487 1995 ieiuna
512 1947 693 1995 mente
726 1942 1091 1995 iudicantibus
1121 1946 1327 1995 certum
1359 1941 1462 1994 erit
1486 1946 1707 2009 poetam
1735 1943 1982 1991 nostrum

28 2032 125 2086 illa
161 2049 270 2085 non
305 2051 370 2087 ex
408 2034 548 2087 libro
588 2055 620 2085 α
663 2033 1042 2102 desumpsisse.

173 2124 401 2179 Maioris
438 2126 546 2178 iam
586 2127 846 2178 momenti
882 2125 1096 2178 videtur
1134 2143 1251 2178 esse
1287 2124 1434 2193 quod
1464 2124 1629 2177 etiam
1665 2123 1768 2176 toti
1800 2138 1984 2174 versus

32 2221 371 2286 repetuntur.
446 2217 724 2286 Compara
760 2235 840 2270 vv.
878 2218 1066 2284 1237(ss

289 2321 423 2376 ἄλλα
463 2324 623 2394 τλῆθι
658 2325 757 2395 νόῳ
790 2333 975 2377 συνιεῖν
1013 2322 1167 2386 ἔπος·
1207 2321 1268 2376 οὕ
1305 2341 1385 2376 τοι
1423 2319 1613 2391 α’νάγκη

1 2471 4 2474 ,
431 2415 584 2470 τοῦθ’
620 2415 799 2483 ἕρδειν,
840 2412 871 2469 ὅ
906 2436 956 2469 τι
994 2433 1074 2468 σοι
1109 2413 1183 2487 μή
1215 2413 1542 2480 καταθύμιον
1581 2404 1614 2482 ᾗ

36 2537 158 2572 cum
196 2539 273 2573 vv.
311 2522 499 2590 108516

294 2618 569 2685 Δημῶναξ,
608 2616 688 2668 σοὶ
721 2614 894 2668 πολλὰ
927 2618 1104 2685 φέρειν
1138 2613 1297 2682 βαρύ·
1337 2609 1398 2665 οὗ
1431 2611 1530 2682 γάρ
1567 2611 1749 2681 ἐπίστῃ

436 2712 585 2763 τοῦθ’
626 2707 804 2780 ἕρδειν,
847 2702 877 2759 ὅ
912 2726 962 2760 τι
1000 2724 1078 2759 σοι
1114 2703 1189 2775 μὴ
1225 2706 1556 2770 καταθύμιον
1591 2695 1624 2772 ᾖ

42 2826 95 2876 et
134 2821 321 2885 1095116
1147 2839 1176 2849 ·-

296 2915 510 2964 σκέπτεο
542 2909 604 2980 δή
643 2913 731 2960 νῦν
765 2905 937 2967 ἄλλον,
978 2903 1095 2971 ἐμοί
1130 2922 1188 2972 γε
1224 2902 1319 2970 μὲν
1355 2900 1498 2963 οὔτις
1533 2898 1728 2970 ἀνάγκη

436 3003 583 3054 τοῦθ’
619 2999 783 3070 ἕρδειν
800 3017 810 3028 ·
848 3003 948 3050 τιῦν
985 3016 1077 3063 μοι
1115 2995 1324 3062 πρόσθε
1365 2991 1515 3063 χάριν
1550 2995 1727 3044 τίθεσο
1748 2991 1806 3058 2).

45 3110 153 3165 Sed
187 3108 310 3161 vide
347 3108 511 3160 etiam
548 3107 708 3159 haec:

50 3195 53 3198 Δ
216 3217 319 3267 540
356 3239 427 3259 ---·
460 3215 566 3265 554
599 3210 646 3263 εἰ
682 3211 755 3280 μή
794 3209 921 3280 ἐμὴν
952 3205 1158 3277 γνώμην
1187 3205 1485 3271 ἐξαπατῶσι
1519 3206 1655 3269 θεοί,

458 3307 558 3357 128
596 3302 820 3356 πολλάκι
857 3300 957 3370 γάρ
993 3299 1201 3368 γνώμην
1238 3295 1529 3363 ἐξαπατιῦσ’
1570 3294 1718 3347 ἰδέαι.

194 3448 229 3502 ²)
259 3445 383 3490 Vide
413 3443 827 3500 Kuellenbergium
862 3457 908 3499 p.
937 3442 991 3484 51
1025 3454 1091 3495 sq.

193 3518 230 3574 ²)
261 3516 370 3562 vid.
391 3529 479 3560 van
501 3515 583 3559 der
603 3514 806 3570 Meyium
826 3528 870 3570 p.
893 3513 961 3566 32,
984 3511 1269 3556 Corsennum
1290 3523 1332 3565 p.
1356 3510 1383 3552 5
1405 3510 1452 3551 et
1471 3508 1540 3560 37,
1572 3504 1868 3567 Schaeferum
1889 3517 1934 3558 p.
1953 3504 1996 3546 4.
