2372 4108
2 425 278 506 “servati
335 428 462 476 sunt
518 424 622 477 nisi
682 423 828 490 quod
878 441 925 474 v.
969 425 1037 474 24
1082 422 1293 474 vitium
1333 421 1485 474 latet.
1581 422 1658 475 Ut
1715 430 2025 476 cetermum

76 517 358 571 conamina
394 515 863 582 praetermittam,
918 514 1066 582 quod
1107 513 1291 581 Bergk
1329 516 1615 582 proposuit
1654 513 1831 577 οἰστοῖς
1867 513 2027 567 τοῖσδ’

43 605 405 683 ,reiciendum
442 606 606 672 duce,
663 624 786 658 cum
836 624 995 673 quem
1033 605 1308 674 Theognis
1360 611 1578 658 secutus
1632 607 1702 659 sit
1752 626 1908 659 usum
1963 608 2026 658 de

47 686 272 759 fidativis
322 697 580 750 brevibus
630 698 872 750 nondum
922 698 1098 750 adhuc
1147 699 1451 766 quaesitum
1509 699 1596 750 sit.
1687 698 1840 750 Diels
1887 699 2029 750 enim

3 806 34 851 ξ’
76 791 178 860 qui,v
227 789 376 857 leges
426 790 569 858 apud
627 791 893 857 elegiacos
955 791 1294 858 antiquiores
1335 791 1583 843 valentes
1640 791 1944 843 observavit
1971 791 2027 853 ¹),

79 871 456 950 Theognidem
509 881 749 933 nondum
799 882 1103 949 respexisse
1143 882 1373 934 videtur.
1452 882 1589 933 Mihi
1629 882 1848 948 quidem
1888 869 2029 933 diffiss

77 959 252 1031 cultas
302 973 426 1026 tolli
478 990 642 1041 posse
682 973 923 1039 videtur,
979 973 1023 1025 si
1060 992 1167 1025 una
1205 973 1452 1026 litterula
1491 979 1701 1026 mutata
1736 974 1938 1036 πάντας
1976 973 2031 1026 δὲ

63 1054 192 1140 ’κατ’
227 1062 548 1132 ἀνθρώπους
585 1062 872 1132 ὀνομαστός
895 1049 1120 1117 ἅστοῒσίν
1159 1063 1208 1132 γ’
1234 1063 1385 1117 οὔπω
1411 1066 1516 1116 κτλ.
1547 1065 1851 1119 scribimus,
1911 1065 2032 1141 Vox

67 1157 227 1211 enim
261 1153 411 1209 α’στοί
441 1157 660 1224 saepius
698 1162 995 1225 usurpatur
1021 1174 1119 1224 pro
1152 1156 1297 1209 ἀστοὶ
1323 1155 1446 1222 οἵδε,
1488 1158 1628 1210 cives
1666 1158 1828 1210 huius
1867 1156 2030 1222 urbiS,

78 1253 142 1301 ut
176 1266 222 1301 v.
254 1235 373 1314 191,
414 1249 516 1299 367
556 1249 644 1312 (de
685 1266 792 1316 quo
830 1248 974 1300 infra
1010 1267 1061 1316 p.
1094 1249 1203 1317 17),
1243 1247 1350 1301 Sol.
1380 1252 1461 1315 10,
1495 1253 1538 1301 1.
1617 1249 1806 1316 Atque
1845 1266 2032 1316 quam-

79 1357 243 1409 quam
294 1341 633 1393 contrarium
685 1339 835 1407 quod
885 1339 947 1392 fit
996 1341 1140 1402 inter
1187 1339 1387 1402 πάντας
1434 1339 1752 1408 ἄνθρώπους
1783 1347 1838 1394 et
1876 1344 2034 1392 πᾶσιν

15 1454 18 1455 ’
80 1431 305 1493 ἀστοῖσιν
342 1449 451 1484 non
477 1433 556 1484 ita
583 1431 864 1484 commode
904 1431 1108 1484 dictum
1137 1437 1235 1498 est,
1274 1438 1457 1484 tamen
1486 1433 1630 1499 apud
1659 1432 2034 1499 Theognidem

24 1514 26 1516 ¹
81 1525 218 1578 talia
255 1523 399 1577 ferre
436 1524 571 1577 licet
590 1525 648 1590 2).
726 1523 1079 1591 Corrigamus
1114 1524 1278 1576 etiam
1315 1543 1360 1576 v.
1392 1527 1480 1588 22,
1540 1526 1584 1576 si
1624 1530 1730 1586 πᾶς
1775 1544 1852 1586 τις
1890 1524 2035 1591 apud

22 1667 26 1669 μ
82 1615 458 1684 Theognidem
485 1616 666 1668 locum
702 1634 812 1669 non
849 1615 1051 1668 habere
1078 1616 1196 1668 iure
1225 1615 1434 1668 Usener
1456 1615 1495 1680 3)
1535 1616 1845 1681 affirmavit,
1889 1617 2037 1684 quod

22 1695 24 1698 ‚
85 1693 340 1776 equidem
367 1708 497 1759 mihi
532 1726 643 1760 non
681 1708 844 1775 plane
883 1708 1148 1776 persuasi,
1187 1725 1307 1759 cum
1340 1707 1579 1759 Brunsio
1621 1698 1722 1760 ὦδε
1761 1705 1808 1760 δ’
1835 1707 2040 1771 ἕκαστος

81 1798 202 1869 ἐρεῖ.
276 1799 563 1857 Particula
601 1806 781 1852 autem
817 1804 913 1866 μέν
951 1818 998 1852 v,
1030 1804 1111 1866 19,
1165 1817 1304 1866 quae
1344 1799 1720 1866 Hartungium
1764 1806 1818 1852 et
1855 1784 2037 1853 Immi-

10 1938 15 1942 .
82 1891 294 1944 schium
323 1892 392 1959 (p.
425 1892 518 1962 95)
549 1891 796 1958 offendit,
838 1892 972 1943 mihi
999 1898 1147 1945 recte
1183 1910 1238 1944 se
1266 1892 1470 1944 habere
1506 1892 1737 1957 videtur,
1775 1894 1817 1944 si
1853 1910 2037 1945 vocem

82 1983 141 2037 δέ
187 2002 253 2036 ex
301 2002 349 2036 v.
384 1987 449 2037 23
500 1985 570 2036 ad
617 1985 768 2036 illam
818 1984 1104 2036 referimus
1157 1984 1322 2053 (quod
1373 1983 1636 2035 Immisch
1686 1986 1880 2051 sensit,
1946 1984 2041 2036 sed

83 2077 356 2129 immerito
394 2077 624 2146 reiecit),
676 2072 855 2129 itaut
893 2076 952 2129 δέ
985 2095 1030 2129 v.
1066 2081 1133 2128 20
1174 2094 1282 2129 non
1322 2077 1687 2142 adversative,
1740 2076 1837 2129 sed
1878 2094 2041 2144 copu-

17 2215 20 2218 ,
70 2167 256 2220 'lative
306 2173 633 2235 usurpatum
674 2169 746 2220 sit
765 2169 828 2238 4).
922 2167 1125 2222 Sensus
1180 2173 1364 2220 autem
1416 2173 1532 2220 tum
1589 2175 1697 2221 est:
1761 2168 2044 2237 Sphrayide

25 2259 30 2265 '
83 2260 177 2312 illa
215 2259 420 2328 quidem
453 2261 634 2328 eleyz'as
672 2277 808 2312 meas
833 2260 1011 2312 notabo
1049 2266 1093 2312 et
1123 2260 1351 2329 siynabO,
1386 2278 1448 2312 ne
1484 2263 1598 2329 quis
1635 2261 1776 2327 mihi,
1817 2263 1907 2330 qui
1934 2257 2042 2312 iam

80 2357 228 2419 poeta
283 2353 456 2404 clarus
505 2357 549 2403 et
598 2352 779 2404 nobilis
833 2369 948 2404 sum
963 2393 976 2419 ,
1026 2354 1190 2405 ullam
1221 2354 1371 2420 furto
1410 2353 1644 2405 abducat.
1719 2354 2043 2422 Quamquam

235 2547 272 2603 ¹)
301 2546 528 2593 Abhandl.
561 2547 602 2592 cl.
625 2547 750 2592 Berl.
772 2548 1019 2592 Akademie
1052 2549 1162 2592 1885
1193 2564 1236 2605 p.
1259 2551 1327 2592 38.
1390 2549 1486 2591 Has
1517 2553 1673 2592 autem
1703 2550 1866 2593 statuit
1894 2551 2042 2607 leges:

86 2617 187 2661 Der
221 2617 463 2662 Gebrauch
493 2618 573 2662 der
603 2619 776 2662 iilteren
798 2618 948 2675 Lyrik
976 2618 1118 2663 kennt
1145 2620 1197 2664 in
1228 2620 1328 2664 dem
1359 2620 1510 2664 Dativ
1540 2621 1751 2665 Pluralis
1781 2622 1860 2665 der
1891 2621 2046 2665 beiden

25 2718 27 2721 v
86 2690 235 2732 ersten
266 2688 624 2733 Declinatio'nen
653 2704 746 2734 nur
777 2690 849 2733 die
879 2691 1044 2747 lanqen
1070 2690 1274 2734 Forme‘n
1303 2691 1398 2746 auf
1421 2708 1463 2732 σι
1481 2693 1562 2747 (ν).
1612 2693 1912 2736 Ausnahmen
1942 2692 2047 2736 sind

83 2760 304 2816 qestattet
341 2773 460 2803 nur:
510 2761 556 2816 1)
598 2774 728 2804 wenn
768 2761 843 2805 ein
894 2761 1029 2805 Voeal
1067 2761 1208 2818 folyt,
1258 2762 1354 2805 also
1394 2763 1478 2807 das
1520 2763 1633 2807 Jota
1673 2763 1856 2807 elidiert
1903 2762 2047 2817 wird,·

87 2831 140 2885 2)
173 2838 249 2874 am
279 2829 414 2874 Ende
454 2830 530 2874 des
572 2831 728 2875 Verses
770 2832 868 2875 und
907 2832 959 2876 in
999 2833 1080 2875 der
1110 2833 1249 2877 Mitte
1280 2833 1355 2877 des
1385 2833 1733 2889 Pentameters;
1782 2837 1829 2890 3)
1864 2834 1932 2878 bei
1962 2834 2047 2877 den

89 2900 292 2944 Formen
337 2900 413 2944 des
442 2900 643 2945 Artikels
687 2901 785 2956 und
825 2902 901 2946 des
931 2903 1229 2960 Relativum;
1272 2905 1322 2960 4)
1355 2904 1422 2947 bei
1457 2905 1779 2949 Combination
1820 2905 2048 2949 mehrerer

89 2970 275 3014 Dative.

36 3040 39 3042 ’
233 3040 272 3098 2)
302 3040 452 3084 Nimis
483 3055 642 3085 severe
663 3042 884 3086 Immisch
914 3044 1091 3088 iudicat
1120 3059 1167 3101 p.
1191 3047 1260 3096 96,
1294 3045 1372 3100 qui
1403 3047 1455 3087 ut
1485 3048 1759 3089 sententiam
1790 3061 1915 3090 suam
1946 3061 2048 3102 per-

90 3112 256 3154 miram
287 3115 334 3155 et
362 3112 684 3156 incredibilem
706 3114 763 3157 de
784 3114 1098 3172 Xenophonte
1130 3119 1318 3158 auctore
1341 3116 1535 3169 evincat,
1567 3118 1719 3160 omnia
1749 3117 1797 3159 in
1828 3118 2047 3174 suspicio-

18 3222 27 3233 ,
90 3196 197 3226 nem
227 3185 375 3225 vocat.
437 3182 542 3226 Non
572 3187 712 3235 recte,
743 3199 1021 3240 quamquam
1053 3187 1180 3238 scite,
1213 3186 1400 3230 Orusius
1431 3186 1717 3242 interpungit
1749 3203 1793 3244 p.
1817 3190 1914 3241 623,
1946 3203 2049 3232 cum

90 3253 234 3295 verba
278 3251 449 3296 πάντας
480 3250 526 3293 δὲ
554 3253 650 3294 κατ’
694 3252 973 3310 ἀνθρώπους
1016 3254 1268 3309 ὀνομαστός
1308 3257 1596 3311 loquentium
1629 3271 1724 3300 esse
1762 3272 1854 3302 non
1894 3260 2050 3303 verisi-

91 3321 200 3364 mile
230 3321 306 3365 sit.

239 3391 275 3445 ⁸)
308 3392 691 3449 Altyriechischer
732 3394 932 3439 Versbau
971 3410 1013 3451 p.
1037 3397 1093 3439 52
1126 3410 1161 3440 c.
1196 3397 1300 3440 adn.
1325 3398 1392 3442 19.
1422 3423 1478 3427 —
1517 3396 1651 3440 Libri
1692 3398 1944 3443 deteriores
1976 3414 2049 3443 ex-

94 3461 258 3506 hibent
287 3463 375 3507 πᾶς
407 3463 532 3518 ἐρέει.

241 3533 280 3588 ⁴)
311 3534 466 3577 Aliter
498 3534 687 3603 Crusius
718 3550 762 3591 p.
785 3537 869 3579 624
900 3536 1002 3580 adn.
1025 3539 1064 3580 2.

1741 3624 1791 3666 1*
