2372 4108
1055 288 1405 339 ...38-

251 450 497 519 reptione
547 448 737 504 attica'
776 448 1168 518 (Argentorati
1206 450 1368 513 1876)
1394 447 1452 515 ¹).
1529 445 1784 516 Scriptor
1819 447 1992 518 igitur
2029 450 2223 502 nostor

254 541 623 597 duodetricies
672 541 917 595 vocalem
965 545 1095 594 ante
1148 544 1357 594 mutam
1407 557 1532 594 cum
1581 539 1795 610 liquida
1829 539 2055 609 longam
2090 539 2221 594 reti·

251 635 371 689 nuit
390 638 447 700 2).
523 633 705 690 Semel
756 633 812 685 in
861 631 1044 686 media
1101 648 1235 686 voce
1282 631 1529 686 vocalem
1573 631 1866 702 corripuit:
1916 629 2223 703 Ἀφροδίτης

256 730 409 781 1293.
489 724 651 795 Quod
691 723 914 793 quidem
950 728 1245 778 excusatur
1282 725 1518 795 primum
1555 741 1649 791 eo,
1700 723 1851 793 quod
1885 730 1972 779 est
2020 740 2222 779 nomen

251 819 562 888 proprium3
603 817 827 871 nomina
862 821 1064 884 autem,
1117 835 1241 871 cum
1280 817 1440 872 aliter
1477 833 1640 885 saepe
1677 834 1711 870 a
1749 821 1925 872 metro
1959 815 2222 881 abhorre-

250 916 388 977 rent,
424 911 629 965 maiore
675 909 902 963 licentia
938 908 1211 964 fruuntur.
1285 909 1505 964 Deinde
1543 908 1961 963 consonantium
2003 924 2223 977 compo·

252 1004 478 1056 sitiones
514 1019 748 1071 quarum
786 1002 963 1055 altera
995 1007 1079 1056 est
1103 1022 1151 1072 ρ,
1191 1002 1424 1056 maxime
1462 1002 1582 1056 iure
1608 1000 1941 1070 corripiendi
1973 1004 2221 1054 utuntur.

251 1095 376 1149 Hae
426 1094 650 1148 fuerunt
699 1111 898 1147 causae
954 1111 1052 1147 cur
1105 1093 1387 1149 Homerus
1439 1111 1637 1149 nomen
1682 1093 1823 1147 illud
1879 1109 1991 1147 non
2054 1091 2219 1146 aliter

251 1187 357 1240 nisi
391 1204 648 1240 mensura
687 1214 901 1231 vv-—
947 1186 1277 1241 adhibuerit.
1354 1187 1448 1241 Ab
1486 1188 1592 1241 hoc
1622 1187 1829 1255 posteri
1867 1184 2221 1255 (praesertim

255 1279 497 1348 epitheto
537 1284 698 1351 χρυσῆ
750 1278 968 1349 addito)
1020 1285 1375 1349 sumpserunt
1416 1285 1682 1348 tanquam
1730 1277 2050 1344 formulam,
2097 1293 2222 1331 cum

253 1371 444 1426 eodem
482 1389 670 1425 versus
704 1372 850 1438 1000,
901 1372 1018 1428 scil.
1058 1373 1114 1425 in
1152 1372 1260 1427 fine
1300 1372 1608 1426 hexametri
1626 1372 1690 1442 ¹³),
1742 1371 2045 1440 eademque
2081 1384 2223 1423 men-

253 1482 382 1518 sura
419 1464 745 1530 adhibeant,
781 1470 842 1517 ut
871 1464 1057 1520 Mimn.
1085 1470 1132 1531 1,
1170 1469 1216 1533 1,
1252 1465 1460 1519 Anacr.
1486 1467 1574 1533 94,
1609 1467 1658 1531 3,
1699 1463 1909 1520 Simon.
1948 1459 2013 1516 O.
2042 1464 2163 1531 137,
2190 1463 2223 1514 3

253 1562 308 1610 et
350 1560 468 1623 151,
501 1561 548 1623 3,
587 1556 752 1610 Plato
790 1560 876 1624 31,
907 1557 1022 1629 4⁴).
1080 1557 1311 1612 Praeter
1338 1559 1444 1612 hoc
1482 1562 1666 1612 autem
1703 1574 1903 1611 nomen
1941 1570 2223 1623 nunquam

251 1655 419 1719 poeta
457 1655 644 1703 noster
684 1650 741 1702 in
779 1666 912 1703 voce
945 1649 1180 1719 simplici
1220 1651 1490 1720 syllabam
1519 1650 1740 1705 brevem
1766 1648 2004 1715 admisit,
2042 1664 2223 1716 neque

251 1743 308 1795 in
336 1747 649 1811 augmento,
682 1741 1124 1811 reduplicatione
1152 1743 1319 1811 verbi,
1359 1765 1395 1797 α
1418 1744 1701 1813 privativ0,
1738 1759 1871 1797 voce
1899 1739 2223 1809 composita.

252 1835 351 1888 Bis
405 1835 602 1889 deinde
651 1835 900 1890 vocalem
947 1836 1098 1891 vocis
1147 1836 1368 1892 finalem
1415 1836 1683 1906 corripuit
1733 1838 1897 1906 (1299
1947 1838 2004 1888 et
2042 1833 2225 1901 1377),

252 1928 349 1980 ubi
388 1928 518 1981 item
558 1949 587 1999 ρ
622 1929 838 1998 liquida
876 1934 974 1985 est.
1050 1929 1239 1984 Etiam
1292 1930 1396 1983 hoc
1434 1947 1559 1983 cum
1595 1928 1847 1983 Homero
1867 1929 1907 1995 ⁶)
1956 1932 2012 1987 et
2047 1926 2224 1996 poetis

253 2020 508 2088 elegiacis
553 2022 599 2075 si
638 2039 748 2076 non
788 2022 1191 2092 antiquissimis
1238 2053 1305 2062 —
1345 2022 1613 2090 Callinus,
1654 2020 2044 2087 Archilochus,
2085 2017 2223 2090 'Pyr-

251 2118 410 2167 taeus
442 2114 553 2167 hac⁴
576 2116 921 2184 correptione
960 2134 1018 2170 se
1066 2115 1453 2170 abstinuerunt
1497 2147 1558 2153 —
1599 2119 1657 2168 at
1690 2120 1872 2168 tamen
1910 2115 2048 2168 satis
2082 2111 2223 2167 anti·

404 2306 439 2363 ¹)
470 2306 659 2351 Sitzleri
689 2307 981 2363 quaestiones
1011 2308 1197 2364 (Jahrb.
1224 2308 1264 2363 f.
1295 2307 1430 2353 klass.
1461 2307 1584 2355 Phil.
1618 2308 1729 2352 1882
1758 2322 1803 2365 p.
1834 2306 2080 2361 516-518,
2119 2306 2226 2353 Stu-

166 2377 172 2381 '
253 2377 360 2422 dien
408 2391 515 2422 zum
563 2378 777 2436 Eleqiker
828 2378 1074 2437 Theoyni8‚
1125 2378 1407 2437 Proyramm
1454 2393 1494 2425 v.
1545 2377 2048 2434 Tauberbischofsbeim
2099 2378 2227 2430 1886,

252 2464 297 2506 p.
329 2451 462 2505 3—7)
493 2463 596 2494 mea
625 2450 814 2507 quidem
845 2450 1078 2495 sententia
1107 2450 1246 2495 laude
1274 2451 1427 2494 minus
1456 2449 1626 2507 dignae
1655 2452 1776 2494 sunt.
1835 2448 1925 2494 Ille
1954 2450 2079 2494 enim
2100 2448 2223 2495 Har-

255 2520 357 2564 telii
398 2521 771 2566 observationem
814 2522 1047 2579 quandam
1087 2525 1295 2575 secutus,
1337 2522 1506 2579 quibus
1551 2523 1600 2567 in
1642 2520 1841 2579 pedibus
1881 2521 2115 2579 correptio
2144 2520 2224 2566 ad-

254 2591 392 2634 missa
423 2596 542 2636 esset
570 2595 814 2651 permagni
844 2594 1067 2638 interesse
1097 2594 1214 2639 falso
1244 2594 1443 2651 putavit.
1504 2594 1608 2650 Qua
1637 2593 1817 2637 ratione
1846 2606 1952 2637 cum
1981 2592 2223 2638 materiam

256 2662 550 2720 disposuerit,
582 2678 680 2708 rem
710 2666 858 2723 magis
888 2666 1103 2710 confudit
1133 2680 1273 2723 quam
1302 2665 1569 2711 illustravit.
1600 2690 1655 2698 —
1685 2663 1783 2709 Nos
1804 2662 1996 2721 quidem
2015 2663 2226 2722 exempla

254 2738 412 2779 mutae
444 2750 479 2779 c.
513 2736 542 2781 l.
574 2737 698 2794 apud
729 2737 983 2795 elegiarum
1014 2738 1267 2796 scriptores
1298 2737 1535 2782 exstantia
1573 2735 1728 2781 omnia
1760 2735 1809 2779 in
1838 2738 2051 2781 nostrum
2090 2750 2222 2782 usum

256 2804 408 2850 denuo
439 2806 727 2864 collegimus,
759 2809 881 2853 unde
912 2823 1052 2867 supra
1082 2809 1329 2853 hausimus.

400 2878 437 2932 ²)
471 2879 596 2931 1231,
638 2881 762 2931 1232,
805 2881 927 2934 1250,
971 2881 1095 2934 1277,
1140 2881 1264 2931 1291,
1299 2882 1422 2934 1299,
1456 2881 1581 2934 1302,
1616 2881 1738 2934 1304,
1782 2880 1907 2934 1307,
1940 2880 2065 2934 1808,
2097 2879 2223 2932 1320,

257 2948 381 3001 1323,
416 2950 541 3002 1326,
576 2950 699 3003 1332,
734 2951 856 3000 1361,
891 2952 1015 3005 1362,
1051 2953 1175 3007 1382,
1208 2953 1332 3005 1383,
1366 2953 1491 3006 1385,
1524 2953 1647 2997 1386.
1679 2977 1733 2983 -
1768 2951 1891 3005 1257,
1932 2951 2058 3005 1313,
2100 2951 2224 3004 1341,

259 3019 381 3063 1386.
415 3043 469 3052 —
502 3021 626 3074 1237,
660 3022 784 3074 1286,
819 3022 944 3075 1340,
978 3024 1100 3068 1360.

403 3090 439 3146 ³)
473 3090 704 3135 Homerus
735 3106 903 3136 nomen
919 3092 1118 3138 Veneris
1149 3093 1214 3139 ibi
1246 3094 1316 3139 bis
1346 3098 1393 3139 et
1423 3095 1698 3153 quadragies
1727 3094 1880 3139 habet.

400 3161 439 3216 ⁴)
472 3162 542 3206 Cf.
575 3162 764 3207 Renner
794 3163 1127 3210 Formelwesen
1157 3181 1202 3223 p.
1230 3168 1287 3210 46
1317 3181 1362 3211 n.
1399 3168 1465 3211 11.

402 3231 441 3287 ³)
473 3232 543 3277 De
575 3233 811 3279 homerico
841 3250 925 3280 usu
947 3240 1102 3280 mutae
1125 3250 1164 3281 c.
1185 3237 1214 3280 l.
1237 3241 1453 3294 egerunt:
1482 3236 1673 3282 Bekker
1691 3236 1970 3282 homer-ischa
1990 3234 2177 3282 Bliitoer
2197 3233 2222 3279 Ι

259 3316 302 3358 p.
338 3304 529 3358 34—373
564 3305 782 3361 Spitzner
812 3307 870 3351 de
900 3320 1036 3351 versu
1066 3307 1354 3353 Graecorum
1374 3308 1565 3354 heroico
1597 3307 1746 3366 (Lips.
1782 3309 1912 3364 1816)
1932 3322 1979 3366 p.
1998 3307 2220 3362 88—105;

258 3371 329 3416 La
359 3373 517 3419 Roche
555 3376 723 3421 homer.
774 3377 1183 3437 Untersuchunqen
1217 3379 1368 3437 (Lips.
1411 3381 1542 3437 1869)
1572 3395 1618 3437 p.
1662 3381 1823 3431 1-423
1865 3378 2037 3424 Hartel
2075 3377 2227 3424 homc-

257 3444 405 3490 rische
438 3446 634 3492 Studien
665 3447 983 3504 12(Ber01ini
1020 3451 1148 3506 1873)
1193 3466 1238 3509 p.
1279 3453 1475 3507 80-89;
1521 3449 1703 3496 Usener
1743 3450 1981 3510 altqriecb.
2023 3448 2224 3495 Ver-aban

260 3531 302 3573 p.
335 3518 530 3568 21-27;
591 3519 829 3565 Rossbach
869 3535 910 3564 u.
955 3520 1198 3578 Westphal
1249 3522 1439 3567 Theorie
1487 3522 1569 3568 der
1610 3522 1870 3567 musischen
1912 3520 2095 3567 Kssnste
2144 3519 2226 3566 der

261 3587 514 3633 Hellenen⁸
543 3589 625 3634 111
657 3592 678 3635 1
712 3605 755 3647 p.
789 3592 871 3635 103
900 3605 997 3648 sqq.
