2372 4108
883 328 953 336 -.
1030 279 1237 348 11*-

83 456 212 509 inde
236 475 268 510 a
294 475 340 508 v.
371 461 471 509 237
501 476 670 525 usque
709 459 780 511 ad
807 463 911 512 254
936 477 1043 512 non
1071 459 1262 512 dubito
1290 460 1342 511 in
1370 476 1650 512 numerum
1678 461 2032 527 genuinarum

19 624 22 627 Ι
81 548 394 602 adscribere
415 549 483 625 1),

226 666 406 722 Venio
448 686 591 720 nunc
629 670 699 720 ad
740 670 940 737 elegias
978 675 1091 723 tres
1122 669 1328 738 duplici
1363 671 1539 724 forma
1577 672 1633 722 in
1672 671 1826 723 libris
1865 666 2035 721 tradi-

84 764 187 824 taS,
230 760 309 812 ita
358 766 543 813 tamen
596 756 833 813 variatas
883 767 943 813 ut
994 762 1316 814 alterutram
1368 764 1607 830 spuriam
1659 780 1777 815 esse
1816 779 2035 815 necesse

87 851 174 903 sit.
228 850 434 904 Versus
463 852 582 904 dico
606 855 814 905 39—42
845 858 900 904 et
931 854 1392 921 1081a-1082b,
1424 858 1634 906 53-—60
1662 860 1717 907 et
1740 855 2035 919 1109—14,

87 941 333 996 213—18
391 949 444 997 et
495 947 791 996 1071—74.
876 945 1066 1012 Atque
1126 963 1309 998 versus
1367 945 1581 1014 quidem
1646 949 1855 998 53—60
1908 946 2037 1014 quin

85 1034 369 1102 pristinam
417 1035 649 1088 formam
687 1054 719 1087 a
761 1034 1080 1102 Theognide
1120 1037 1237 1104 ipso
1284 1037 1469 1105 datam
1518 1037 1915 1101 reservaverint
1951 1038 2039 1089 vix

87 1126 313 1180 dubium
350 1145 467 1180 esse
505 1133 704 1195 potest.
777 1126 962 1196 Quid?
1003 1145 1124 1179 cum
1151 1126 1339 1181 versus
1370 1130 1594 1196 1109s10
1633 1129 1868 1181 ieiunam
1898 1131 2037 1182 anti-

87 1219 283 1272 thesim
335 1219 621 1271 verborum
673 1223 821 1272 κακοί
871 1225 926 1271 et
970 1218 1168 1290 ἀγαθοί
1222 1221 1565 1285 contineant,
1618 1238 1797 1273 nonne
1851 1239 2037 1274 versus

89 1307 300 1363 53—60
339 1311 511 1363 multo
550 1316 836 1379 praestant
874 1316 1064 1378 utpote
1105 1311 1337 1364 eandem
1368 1330 1481 1364 rem
1520 1312 1879 1379 amplioribus
1924 1332 2038 1367 ver·

90 1403 175 1477 bis
213 1399 270 1455 et
318 1403 584 1470 peculiari
638 1401 877 1470 quadam
927 1403 1163 1454 dictione
1218 1403 1630 1456 describentes?
1681 1398 1843 1470 Quid,
1897 1405 2040 1472 quod

90 1497 317 1570 1111112
357 1494 800 1559 commemoratio
838 1495 1308 1547 matrimoniorum
1354 1488 1702 1548 vehementer
1742 1495 1971 1550 offendit
2008 1516 2041 1550 a

88 1578 256 1655 peeta
291 1587 546 1654 propriae
586 1586 792 1652 elegiae
829 1588 1119 1652 (183—92)
1158 1587 1473 1639 reservata?
1513 1585 1675 1655 Quid,
1699 1589 1858 1656 ,quod
1897 1608 1944 1641 v.
1974 1594 2040 1641 60

88 1673 416 1731 sententiam
461 1682 668 1729 rectam
708 1676 995 1743 exhibere,
1046 1695 1156 1730 non
1191 1697 1235 1731 v.
1278 1681 1416 1731 1114
1452 1680 1629 1748 primo
1669 1681 1863 1733 obtutu
1900 1682 2040 1735 vide-

88 1770 250 1823 mus?
290 1770 696 1838 Appellationis
734 1787 860 1822 vero
892 1769 1212 1838 Polypaidis
1247 1790 1292 1825 v,
1324 1775 1388 1823 57
1416 1773 1595 1825 minus
1623 1774 1764 1825 ratio
1790 1772 2042 1826 habenda

90 1869 204 1929 est,
252 1864 510 1930 quoniam
563 1879 656 1915 eos
716 1863 807 1929 qui
859 1862 1217 1930 Polypaidem
1265 1880 1297 1913 a
1349 1861 1531 1931 Cyrno
1583 1864 1898 1917 discernant
1943 1867 2041 1918 hoc

89 1959 473 2023 argumentum
511 1955 566 2006 in
607 1954 937 2007 contrariam
975 1960 1186 2022 partem
1226 1959 1438 2007 vertere
1488 1961 1913 2009 consentaneum
1964 1962 2044 2009 est

89 2047 311 2117 (Sitzler
348 2066 399 2115 p.
440 2048 546 2111 35).

135 2209 145 2214 .,
235 2165 520 2234 Quomodo
555 2173 738 2219 autem
771 2166 998 2219 formam
1039 2168 1291 2219 carminis
1331 2167 1571 2234 spuriam
1609 2166 2042 2234 explicabimus?

91 2260 408 2328 Ita-opinor
441 2263 503 2310 ut
541 2258 811 2326 quendam
853 2276 917 2309 ex
961 2258 1220 2310 memoria
1255 2276 1442 2311 versus
1488 2258 1702 2311 schedis
1739 2258 2045 2325 mandasse,

92 2352 188 2404 ubi
226 2351 489 2404 memoria
525 2368 636 2402 non
675 2349 1052 2418 suppeditaret
1096 2351 1325 2403 lacunas
1378 2351 1486 2403 suis
1525 2351 1704 2403 verbis
1745 2350 2044 2418 explevisse

92 2447 362 2512 putemuS,
399 2447 592 2511 postea
624 2442 764 2494 hanc
801 2460 996 2494 novam
1036 2442 1265 2510 elegiam
1298 2447 1360 2495 ut
1386 2460 1510 2496 vere
1541 2441 1951 2510 Theognideam
1987 2442 2044 2493 in

94 2535 356 2603 syllogam
399 2535 637 2602 aliquam
687 2539 963 2601 receptam
1018 2551 1152 2588 0330.
1244 2534 1488 2588 Similem
1538 2533 1812 2586 fortunam
1860 2551 2045 2586 versus

95 2627 323 2696 Tyrtaei
361 2626 507 2695 apud
542 2625 747 2693 Theog.
788 2629 1035 2678 935-38
1073 2643 1266 2693 passos
1314 2625 1658 2678 manifestum
1703 2632 1801 2680 est.
1875 2626 2045 2693 Equi·

95 2719 236 2785 dem,
273 2725 336 2771 ut
370 2719 513 2771 hanc
563 2736 678 2771 rem
716 2718 904 2785 paucis
949 2717 1126 2770 verbis
1179 2719 1267 2771 hic
1317 2723 1558 2786 tangam,
1610 2718 1828 2770 omnino
1884 2717 2045 2770 aliter

96 2824 309 2864 errores
358 2810 482 2862 illos
531 2814 586 2862 et
639 2811 772 2862 vitia
831 2809 1030 2877 quibus
1087 2809 1289 2877 sylloge
1339 2810 1493 2862 libris
1549 2809 1754 2862 tradita
1804 2809 2048 2862 abundat

97 2907 221 2955 orta
270 2919 389 2955 esse
440 2902 574 2953 mihi
622 2903 870 2968 persuasi
917 2907 1084 2969 atque
1135 2903 1267 2954 viris
1321 2901 1499 2954 doctis
1550 2901 1826 2970 plerisque
1875 2901 2046 2953 visum

98 2999 199 3048 est.
275 2994 444 3049 Velut
473 2993 555 3045 illi
588 3011 708 3046 eum
745 2993 839 3061 qui
867 2992 1189 3060 florilegium
1226 2998 1473 3046 nostrum
1512 2994 1888 3059 composuerit,
1928 3010 2046 3045 car-

99 3086 249 3138 mina
293 3087 458 3138 etiam
509 3084 759 3153 Tyrtaei,
810 3084 1152 3152 Mimnermi,
1206 3083 1427 3139 Solonis
1480 3083 1795 3136 adhibuisse
1850 3088 2050 3151 putant

101 3196 239 3245 quae
296 3179 463 3230 sciret
516 3178 708 3230 horum
763 3182 1053 3245 poetarum
1108 3193 1251 3242 esse,
1311 3175 1503 3228 deinde
1559 3175 1928 3242 anthologiam
1984 3192 2050 3226 ex

137 3447 139 3449 ,
237 3366 283 3452 -¹)
317 3396 515 3439 Carmen
546 3395 805 3451 Theognidi
835 3374 1109 3450 relinquunt
1139 3393 1463 3437 Schneidewin
1492 3397 1554 3449 (p.
1575 3394 1667 3447 47),
1696 3392 1866 3448 Bergk,
1899 3391 2050 3434 Christ

103 3456 554 3523 (atteraturyeschss
583 3481 627 3522 p.
648 3467 760 3520 115),
792 3465 994 3510 CrusiuS.
1014 3490 1071 3496 ——
1091 3464 1322 3517 Welcker,
1355 3464 1434 3519 qui
1462 3465 1582 3506 solos
1611 3478 1684 3506 vv.
1699 3464 1828 3518 253J4
1859 3462 2052 3506 exclusit

104 3539 170 3593 (p.
200 3536 477 3593 LXXXII),
509 3529 694 3580 carmen
724 3536 862 3580 finem
882 3532 1035 3579 'totius
1067 3536 1268 3593 syllogae
1297 3535 1460 3579 fecisse
1490 3533 1636 3591 putat.
1744 3538 1746 3540 '
