2372 4108
1085 284 1431 334 -35-

285 448 490 500 factum
527 445 737 512 esse¹),
789 460 897 512 quo
939 443 997 495 in
1050 443 1271 510 negotio
1327 461 1434 497 non
1474 443 1646 497 semel
1678 442 1837 497 illum
1875 443 2098 498 distichi
2131 444 2245 499 iam
2330 442 2332 447 ⁸

286 556 451 607 supra
493 538 660 606 positi
712 536 1085 588 immemorem
1138 534 1409 589 distichon
1461 534 1717 589 inferiore
1755 535 1876 590 leco
1913 538 2114 591 iterum
2150 535 2244 592 de-

286 632 444 685 disse.

427 720 731 775 Veniamus
782 717 853 771 ad
901 719 1120 771 tertiam
1162 734 1386 772 causam
1426 717 1497 771 ab
1534 718 1655 771 istis
1701 718 1990 787 prolatam.
2065 719 2247 775 'Pesti-

285 813 479 866 moniis
509 817 753 864 veterum
793 810 1124 878 scriptorum
1154 809 1372 862 elucere
1412 807 1605 862 dicunt
1640 808 1853 863 alienos
1878 828 1998 866 esse
2024 830 2057 865 a
2082 818 2248 881 poeta

284 904 596 972 Megarensi
646 920 767 956 cum
819 908 1032 956 ceteros
1083 918 1268 955 versus
1318 901 1648 969 amatorios,
1700 908 1817 955 tum
1866 903 2103 957 maxime
2153 919 2248 962 eos

284 997 379 1065 qui
418 995 558 1048 libro
586 995 760 1048 altero
802 996 1190 1048 contineantur
1210 994 1269 1063 2).
1325 992 1578 1063 Longam
1607 995 1751 1047 enim
1790 996 1987 1048 seriem
2024 995 2248 1049 testium

289 1089 416 1142 inde
451 1088 520 1141 ab
557 1093 782 1140 auctore
817 1086 948 1139 libri
986 1086 1107 1156 περὶ
1144 1085 1417 1154 Θεόγνιδος
1451 1091 1507 1139 et
1533 1085 1780 1140 Isocrate
1817 1105 1991 1156 usque
2027 1087 2100 1141 ad
2126 1086 2248 1142 Sui-
2338 1141 2340 1143 ,

284 1180 408 1234 dam
435 1183 476 1246 ³)
512 1179 850 1248 producunt,
903 1178 1050 1247 apud
1101 1196 1238 1247 quos
1290 1178 1384 1232 ubi
1423 1177 1762 1246 Theognidis
1799 1179 2248 1234 commemoratio

284 1272 397 1338 fiat,
450 1272 776 1339 praesertim
815 1275 877 1323 ut
909 1271 1013 1323 viri
1046 1271 1310 1339 sapientis
1350 1276 1406 1324 et
1442 1273 1634 1341 optimi
1671 1271 1816 1325 vitae
1855 1271 2251 1341 praeceptoris,
2336 1294 2342 1301 ·*

289 1366 368 1418 ita
402 1369 774 1432 comparatam
816 1381 964 1429 esse,
1017 1368 1080 1416 ut
1114 1363 1213 1416 illa
1246 1380 1381 1417 sane
1417 1381 1526 1417 non
1562 1363 1766 1419 dicturi
1803 1363 2039 1431 fuerint,
2085 1365 2133 1418 si
2168 1364 2251 1419 di-

290 1457 467 1510 sticha
507 1455 786 1509 obscoena
820 1457 1119 1510 novissent.
1193 1456 1429 1511 Maxime
1466 1456 1572 1510 hoc
1608 1456 1973 1511 demonstrari
2006 1457 2252 1511 testimo·
2338 1530 2340 1534 Ι

285 1550 388 1603 niis
427 1550 703 1602 Athenaei
743 1555 796 1603 et
834 1548 1063 1604 Stobaei
1103 1549 1221 1617 qui,
1274 1549 1543 1603 facultate
1594 1547 1727 1602 data
1774 1565 1964 1602 versus
2012 1549 2251 1604 creticos
2338 1591 2339 1595 ,

286 1640 566 1707 afferendi,
608 1647 824 1694 nostros
861 1659 971 1694 non
1011 1642 1199 1696 citent.
1277 1641 1433 1696 Haec
1471 1659 1594 1695 cum
1630 1641 1824 1695 eadem
1844 1642 1947 1695 ’via
1984 1641 2057 1696 sit
2092 1659 2252 1710 argu-

283 1734 565 1787 mentandi
616 1751 727 1802 qua
776 1738 1006 1787 utuntur
1058 1735 1151 1803 qui
1200 1734 1471 1803 syllogam
1515 1735 1778 1788 maiorem
1825 1734 1975 1789 circa
2024 1733 2254 1790 Stobaei
2340 1727 2344 1734 ’

285 1831 536 1895 tempora
574 1826 660 1878 vel
698 1832 892 1894 postea
934 1832 1112 1880 ortam
1153 1827 1415 1890 credunt,
1465 1827 1549 1880 illi
1579 1844 1682 1896 pro
1721 1844 1807 1879 me
1845 1826 2012 1881 verba
2046 1826 2254 1883 faciant
2342 1827 2343 1830 ’

286 1919 379 1986 qui
407 1918 787 1972 collectionem
826 1920 1001 1972 aetati
1030 1918 1426 1973 Alexandrinis
1454 1919 1726 1988 superiori
1750 1918 2047 1974 vindicant.
2108 1920 2253 1977 Vide
2340 1975 2341 1978 ,

290 2029 431 2079 quae
483 2017 856 2081 exposuerunt
907 2011 1093 2064 Hiller
1141 2010 1326 2065 Jahrb.
1359 2012 1408 2080 f.
1449 2010 1586 2064 Phil.
1623 2029 1676 2080 p.
1702 2014 1810 2065 468
1841 2030 1922 2081 sq.
1974 2019 2033 2068 et
2064 2013 2253 2084 Bergk

285 2122 336 2172 p.
366 2108 468 2157 315
507 2111 618 2159 not.
652 2108 737 2157 71.
800 2102 917 2157 Nos
952 2122 1134 2173 pauca
1171 2104 1458 2159 addamus,
1523 2103 1901 2173 Scriptoribus
1935 2107 2252 2163 recentibus

285 2214 344 2250 re
382 2214 512 2250 vera
549 2214 658 2250 non
690 2196 797 2249 nisi
826 2196 1027 2250 librum
1055 2197 1295 2265 primum
1333 2203 1557 2266 praesto
1586 2196 1755 2250 fuisse
1794 2197 2171 2251 existimamus
2197 2203 2255 2252 et

288 2306 402 2340 rem
431 2289 510 2341 ita
537 2294 720 2342 actam
755 2306 874 2342 esse
898 2291 1082 2343 animo
1110 2289 1269 2343 nobis
1291 2289 1679 2343 informamus:
1710 2289 1922 2359 sylloge.
1948 2288 2019 2343 ab
2036 2289 2254 2345 homine

286 2381 472 2449 ignoto
495 2381 746 2435 confecta
765 2381 1031 2434 librorum
1054 2381 1290 2436 duorum
1319 2399 1442 2435 cum
1463 2381 1763 2435 identidem
1786 2381 2067 2451 descripta
2092 2388 2253 2451 esset,

286 2473 563 2540 quendam
584 2473 650 2526 de
682 2490 853 2526 causa
871 2474 1163 2542 perspicua
1181 2473 1382 2527 librum
1413 2477 1452 2542 β
1473 2474 1748 2541 omisisse;
1777 2473 1908 2528 inde
1941 2473 2051 2528 dno
2071 2493 2254 2530 exem-

284 2565 379 2632 pla
400 2565 760 2619 describendo
780 2571 1090 2635 propagata
1111 2583 1248 2632 esse,
1269 2583 1436 2619 unum
1459 2565 1699 2635 ἐλεγείων
1719 2586 1755 2618 α
1774 2565 1953 2620 solum
1973 2567 2254 2636 exhibens,

284 2656 519 2711 alterum
545 2657 719 2711 libros
745 2678 781 2711 α
808 2662 862 2711 et
890 2662 939 2726 β.
1009 2658 1154 2725 Hoc,
1194 2665 1255 2712 ut
1290 2663 1492 2712 natura
1518 2659 1786 2713 materiae
1811 2657 2040 2724 ferebat,
2080 2661 2254 2729 magis

285 2750 571 2818 magisque
610 2752 895 2804 evanuisse
935 2756 991 2803 et
1030 2767 1180 2804 mero
1222 2768 1354 2804 casu
1394 2750 1554 2805 nobis
1590 2768 1759 2805 unum
1799 2750 2104 2820 exemplum
2142 2768 2255 2807 ser-

283 2848 485 2909 vatum,
520 2842 639 2896 cod.
670 2842 1035 2896 Mutinensem
1053 2842 1111 2908 ⁴).
1173 2841 1385 2897 Contra
1422 2844 1639 2912 priores
1670 2848 1732 2897 ut
1753 2842 2062 2897 Isocratem
2093 2842 2252 2911 alios,

286 2936 379 3004 qui
409 2934 784 3003 Theognidem
815 2935 1089 3003 integrum
1115 2934 1399 2990 habebant
1436 2941 1535 2990 aut
1570 2936 1920 3005 anthologias
1949 2935 2253 2990 carminum

431 3090 465 3145 ¹)
498 3090 565 3134 Cf.
599 3090 754 3148 Bergk
786 3090 1175 3149 Literaturyesch.
1207 3089 1261 3135 II
1291 3106 1335 3148 p.
1367 3093 1469 3137 314.

427 3160 466 3215 ²)
497 3160 617 3205 Sunt
636 3161 706 3204 hi:
741 3160 958 3206 Welcker
977 3177 1021 3219 p.
1044 3160 1209 3207 LXXI
1238 3176 1363 3218 sqq.;
1396 3160 1642 3207 Nietzsche
1661 3177 1706 3221 p.
1732 3164 1814 3207 180
1828 3176 1954 3221 sqq.;
1976 3161 2037 3208 Η.
2061 3157 2254 3208 Schnei-

285 3232 436 3276 dewin
468 3247 510 3288 p.
542 3235 620 3286 403
652 3232 821 3276 Sitzler
851 3248 894 3289 p.
925 3233 1119 3287 20—22;
1152 3232 1302 3277 Gouat
1331 3248 1376 3291 p.
1396 3234 1484 3278 270
1503 3247 1628 3291 sqq.;
1663 3231 1810 3279 Flach
1839 3247 1886 3291 p.
1906 3235 2016 3291 4083
2047 3233 2254 3279 Gorsenn

291 3318 337 3359 p·
368 3306 395 3346 3
428 3308 474 3428 ‘⁸³5
499 3306 691 3417 §didam
730 3371 931 3429 ἐλεγείων
961 3379 994 3428 β
1028 3374 1177 3419 videri
1218 3375 1401 3419 novisse
1432 3374 1759 3420 Schneidewin
1799 3374 2077 3434 comprobat
2122 3390 2167 3434 p.
2198 3377 2255 3421 41

287 3444 559 3500 (assentitur
599 3444 738 3489 Flach
776 3449 869 3488 not.
913 3447 953 3498 2,
994 3446 1074 3502 qui
1106 3448 1262 3490 tamen
1299 3446 1419 3490 mira
1461 3445 1703 3503 loquitur),
1749 3461 1844 3492 non
1884 3445 2069 3491 novisse
2109 3437 2260 3496 credit
2354 3467 2356 3470 v

300 3516 472 3642 count}
504 3585 574 3629 De
606 3599 712 3629 casu
744 3586 803 3629 cf.
835 3585 1068 3631 Hillerum
1099 3587 1129 3631 l.
1162 3600 1200 3631 c·
1233 3601 1276 3643 P·
1309 3587 1407 3631 471·
