2372 4108
567 586 761 656 Ὠραῑος
797 586 882 637 καὶ
913 583 1083 652 Ἔρως
1117 584 1464 650 ἐπιτέλλεται,
1504 581 1656 657 ἡνίκα
1690 603 1791 656 περ
1826 591 1895 658 γῆ

693 677 907 730 ἄνθεσιν
937 675 1184 745 εἰαρινοῖς
1219 675 1412 730 θάλλει
1449 674 1720 749 αἐξομένη,

565 776 726 842 τῆμος
756 768 924 837 Ἔρως
955 767 1238 837 προλιπών
1275 769 1507 836 Κύπρον,
1549 770 1866 839 περικαλλέα
1900 773 2066 841 νῆσον,

693 857 820 915 εἶσιν
857 860 944 914 ἐπ’
978 858 1301 929 ἀνθρώπους
1335 865 1544 930 σπέρμα
1581 866 1757 932 φέρων
1790 860 1922 915 κατὰ
1956 866 2067 935 γῆς,

568 950 708 1018 ὅστις
741 973 819 1009 σοι
854 951 1123 1022 βούλευσεν
1160 952 1286 1021 ἐμεῦ
1325 958 1447 1023 πέρι
1483 954 1570 1006 καὶ
1603 951 1907 1007 σ”ἐκέλευσεν

694 1045 937 1112 οἴχεσθαι
975 1042 1305 1115 προλιπόνθ’
1342 1042 1596 1117 ἡμετέρην
1630 1045 1827 1115 φιλίην.

351 1177 435 1230 Αι
476 1176 578 1228 hoc
623 1191 818 1243 poema
868 1179 982 1227 tam
1031 1174 1278 1242 ineptum
1330 1178 1384 1227 et
1444 1174 1704 1228 miserum
1749 1178 1857 1239 est,
1912 1172 2077 1243 quale
2121 1177 2326 1228 auctor

352 1267 669 1337 appendicis
700 1283 980 1334 nunquam
1010 1265 1298 1321 commisit.
1351 1265 1527 1319 Doleo
1561 1265 1735 1334 igitur
1770 1282 1855 1319 me
1880 1263 2100 1320 Hillero
2134 1281 2320 1320 assen-

349 1360 443 1413 tiri
481 1375 590 1412 non
628 1376 805 1427 posse.
881 1357 1060 1412 Immo
1107 1375 1229 1412 cum
1268 1357 1514 1427 Bergkio
1567 1356 1843 1411 distichon
1892 1356 2134 1412 arbitror
2174 1356 2320 1428 frag·

349 1454 588 1505 mentum
616 1467 731 1504 esse
761 1449 967 1518 elegiae
994 1467 1140 1504 nunc
1179 1450 1412 1504 amissae
1447 1449 1703 1519 idemque
1741 1450 2048 1521 antiquitus
2083 1450 2141 1503 in
2178 1449 2321 1505 libro

347 1548 386 1612 β
417 1543 597 1597 locum
633 1541 906 1609 habuisse,
947 1542 1093 1596 unde
1128 1543 1183 1595 in
1224 1542 1424 1597 librum
1455 1562 1490 1595 α
1525 1542 1871 1599 translatum.

492 1634 636 1688 Item
687 1635 830 1687 omni
885 1633 1282 1703 probabilitate
1334 1640 1486 1690 caret
1522 1653 1709 1690 versus
1752 1636 1941 1705 1107s8
1979 1633 2051 1688 ab
2094 1639 2322 1688 auctore

349 1745 536 1781 musae
595 1725 822 1795 puerilis
876 1726 1125 1780 versibus
1184 1726 1468 1781 1311-18
1519 1732 1584 1781 ut
1637 1726 1803 1781 finem
1870 1726 2114 1781 adnexos
2180 1741 2320 1783 esee.

347 1818 601 1888 Namque
639 1836 859 1872 carmen
897 1819 1234 1873 antecedens
1273 1838 1321 1875 v.
1356 1821 1493 1874 1318
1529 1819 1608 1873 ita
1638 1818 1953 1874 absolutum
1989 1835 2108 1873 esse
2145 1818 2321 1873 mani·

351 1912 581 1978 festum,
639 1916 701 1965 ut
756 1910 1029 1966 distichon
1081 1912 1272 1979 110718
1322 1912 1475 1966 nullo
1522 1910 1686 1966 modo
1738 1929 1860 1967 cum
1925 1912 2005 1967 eis
2061 1909 2321 1981 coniungi

388 2006 539 2060 ossit.

348 2024 383 2075 p
493 2094 692 2165 Neque
731 2097 799 2151 de
835 2115 915 2149 vv.
952 2098 1145 2167 949250
1183 2100 1313 2150 ante
1351 2114 1431 2148 vv.
1462 2099 1745 2150 1279-82
1781 2096 2053 2166 repetitis,
2091 2113 2143 2165 q.
2172 2111 2214 2148 s.

637 2210 838 2282 Νεβρόν
874 2205 1012 2277 ὑπὲξ
1040 2208 1262 2280 ἐλάφοιο
1299 2210 1430 2263 λε’ων
1465 2208 1541 2274 ὥς
1568 2208 1689 2264 ἀλκὶ
1726 2207 2012 2274 πεποιθώς

779 2302 934 2356 ποσσὶ
965 2301 1342 2374 καταιμάρψας
1371 2301 1597 2371 αἵματος
1629 2301 1723 2356 οὐκ
1760 2300 1926 2364 ἔπιον,

351 2448 486 2501 quos
535 2430 716 2484 Hiller
773 2430 1069 2500 plagiatori
1137 2430 1354 2484 initium
1417 2430 1674 2484 carminis
1729 2430 2071 2499 insequentis
2127 2428 2320 2484 fecisse

350 2524 678 2590 arbitratur,
727 2541 816 2578 res
853 2524 933 2578 ita
970 2540 1028 2576 se
1066 2522 1263 2589 habet,
1322 2540 1654 2592 quamquam
1701 2522 1839 2577 illud
1888 2522 2070 2593 primo
2120 2521 2319 2576 obtutu

351 2617 588 2685 speciem
637 2616 916 2685 quandam
966 2615 1149 2670 habet.
1225 2615 1404 2670 Poeta
1452 2616 1594 2669 enim
1640 2616 1945 2670 amatorius
1984 2614 2030 2669 si
2064 2613 2204 2668 illud
2242 2611 2319 2669 fe·

352 2710 532 2776 cisset,
572 2710 686 2763 sine
725 2708 894 2763 dubio
933 2708 1207 2763 distichon
1239 2725 1347 2762 non
1382 2726 1482 2777 per
1516 2725 1574 2762 se
1610 2707 1789 2763 solum
1822 2706 2168 2773 collocasset,
2222 2703 2322 2761 sed

348 2821 470 2858 cum
522 2801 767 2855 versibus
818 2800 1239 2869 insequentibus
1297 2801 1352 2854 in
1403 2818 1572 2854 unum
1611 2818 1830 2855 carmen
1868 2798 2321 2869 conglutinasset.

350 2893 547 2964 Neque
585 2911 712 2948 vero
752 2910 977 2962 prorsus
1015 2898 1144 2963 apte
1184 2893 1443 2962 coniungi
1489 2897 1691 2963 potest,
1744 2891 1892 2961 quod
1928 2892 2096 2946 etiam
2134 2888 2323 2944 Hiller

352 2987 587 3041 sensisse
628 2986 857 3051 videtur,
897 3003 1019 3039 cum
1052 2985 1109 3038 in
1136 2984 1514 3054 Anthologiae
1540 2985 1640 3055 lyr.
1672 2985 1915 3039 editione
1953 2988 2154 3053 quarta
2188 2998 2224 3036 a
2258 2997 2319 3037 se

351 3084 542 3132 curata
596 3095 783 3132 versus
840 3081 978 3131 1278
1025 3096 1083 3145 c,
1137 3077 1173 3131 d
1231 3095 1355 3132 cum
1416 3080 1551 3130 1279
1585 3094 1703 3146 sqq.
1763 3081 2089 3131 connectere
2151 3090 2320 3130 ausus

351 3187 459 3224 non
494 3171 582 3224 sit.

495 3262 597 3318 Vv.
632 3266 816 3332 ll5ls2
856 3263 1092 3332 denique
1129 3262 1460 3317 documento
1499 3269 1628 3316 sunt
1656 3278 1821 3331 quam
1857 3275 2117 3330 perversa
2153 3274 2319 3327 argu·

351 3355 634 3410 mentandi
689 3355 905 3410 ratione
951 3354 1304 3424 parodiarum
1355 3360 1674 3425 captatores
1724 3356 1970 3407 utantur.
2059 3350 2320 3406 Redeunt
2364 3370 2372 3427 3

349 3449 493 3501 enim
530 3448 587 3501 in
613 3447 753 3502 libro
779 3447 955 3503 altero
987 3453 1116 3502 ante
1143 3466 1188 3500 v.
1224 3451 1361 3502 1239
1393 3465 1533 3517 sqq„
1567 3447 1648 3500 ita
1688 3451 1873 3500 tamen
1908 3449 1972 3499 ut
2007 3444 2317 3500 arctissimo
2367 3450 2372 3522 ξ

349 3540 564 3594 vinculo
595 3557 717 3594 cum
747 3539 859 3594 illis
885 3540 1139 3609 coniungi
1180 3545 1236 3594 et
1272 3539 1505 3607 elegiam
1532 3554 1698 3592 unam
1723 3538 2099 3605 integramque
2134 3534 2319 3591 facere
2359 3547 2372 3585 ι
