2372 4108
897 253 1245 308 *65*-

94 413 244 471 cebit
274 417 333 486 ¹).
409 415 505 472 Sin
526 416 720 485 aliter,
770 418 904 471 nihil
955 419 1022 472 de
1076 421 1270 494 horum
1322 419 1562 474 omnium
1614 421 1820 490 origine
1871 420 2041 475 statui

90 512 274 577 potest
297 510 590 578 potiusque
623 510 928 579 putandum
954 513 1061 565 iam
1090 512 1463 582 Theognidem
1494 513 1706 566 hiatum
1741 515 1907 566 istum
1934 513 2041 565 sibi

0 660 1 682 ἢ
90 600 384 654 indulsisse
404 604 458 668 2).
550 603 640 655 Ac
690 604 797 656 iam
854 604 1124 658 confiteor
1161 624 1246 659 me
1280 624 1389 659 non
1429 605 1597 658 semel
1633 605 1915 658 dubitasse
1951 622 2040 657 ne-

0 692 1 697 ’
91 693 396 746 cessarione
429 711 495 747 ex
531 694 702 762 elegia
731 695 802 749 ad
830 696 1070 766 Cyrnum
1100 699 1302 766 scripta
1329 701 1575 751 237—54
1610 697 2040 750 concludendum

2 807 16 820 ’ν
91 786 163 838 sit
195 785 397 854 elegias
443 785 778 855 Theognidis
836 789 908 842 ad
958 789 1218 842 tibiarum
1278 808 1469 844 sonum
1507 794 1756 843 cantatas
1796 807 1930 857 esse,
1983 795 2043 842 ut

17 874 22 878 ”
93 877 343 946 plerique
377 879 480 932 viri
521 879 675 934 docti
710 887 1041 950 putaverunt
1066 885 1122 947 3).
1197 883 1454 937 Profecto
1489 883 1655 937 verba

232 971 325 1024 Σοὶ
360 971 456 1039 μὲν
491 971 596 1041 ἐγώ
623 974 771 1043 πτέρ’
799 974 985 1038 ἔδωκα,
1024 975 1114 1028 σύν
1141 972 1222 1039 οἷς
1245 974 1331 1028 ἐπ’
1359 972 1611 1044 α’πείρονα
1642 975 1829 1028 πόντον

342 1065 557 1136 πωτήσῃ
594 1067 679 1118 καὶ
718 1073 812 1137 γῆν
849 1073 1024 1120 πᾶσαν
1062 1066 1374 1135 αἐιριῖμενος

229 1156 438 1226 ῥηϊδίως

89 1264 151 1300 eo
190 1253 443 1315 spectant
475 1249 620 1317 quod
658 1255 825 1317 poeta
858 1250 1047 1315 elegiis
1086 1251 1301 1302 nomine
1342 1250 1508 1319 Cyrni
1549 1251 1805 1304 notandis
1846 1269 2038 1305 nomen

6 1403 9 1407 ι
85 1339 240 1407 pueri
272 1357 374 1407 per
397 1343 573 1393 totam
601 1345 804 1393 terram
834 1347 890 1395 et
914 1342 968 1394 in
997 1343 1179 1394 omnia
1215 1350 1462 1411 tempora
1496 1349 1683 1396 notum
1723 1343 2039 1410 clarumque

85 1431 230 1485 fecit.
303 1430 447 1485 Item
483 1433 645 1486 verba
671 1432 809 1485 ἄλλα
846 1452 900 1486 σε
938 1439 1145 1504 πέμψει
1182 1433 1362 1502 α’γλαα
1404 1436 1660 1487 Μουσάων
1697 1436 1844 1503 δῶρα
1883 1435 2038 1487 ἵοστε·

88 1511 268 1594 φᾶνων
305 1525 584 1592 pertinent
622 1525 694 1578 ad
752 1526 950 1593 elegias
1006 1526 1354 1594 Theognidis,
1447 1527 1597 1596 Quid
1641 1532 1823 1580 autem
1874 1529 2039 1580 verba

85 1615 395 1682 significent

421 1713 603 1780 θοίνῃς
636 1710 690 1762 δὲ
727 1711 813 1762 καὶ
850 1710 1141 1780 εἰλαπίνῃσι
1182 1716 1410 1781 παρέσσῃ

339 1801 391 1853 ἐν
431 1803 643 1866 πάσαις,
686 1804 898 1856 πολλῶν
934 1807 1164 1870 κείμενος
1201 1803 1254 1855 ἐν
1290 1805 1568 1871 στόμασιν·

253 1898 340 1945 καί
376 1913 431 1947 σε
469 1894 560 1947 σύν
597 1893 882 1949 αὕλίοκοισι
920 1897 1299 1966 λιγυφθόγγοις
1331 1901 1436 1949 νέοι
1469 1896 1652 1965 ἄνδρες

338 1983 601 2053 εὐκόσμως
637 1987 809 2058 ἑρατοὶ
845 1988 978 2039 καλά
1017 2008 1072 2040 τε
1110 1990 1194 2041 καὶ
1233 1990 1380 2057 λιγέα

253 2076 461 2147 ᾄσονται

85 2170 274 2236 quaeri
312 2175 506 2238 potest.
562 2169 758 2223 Utrum
795 2171 925 2224 hoc:
969 2189 1033 2225 ea
1066 2173 1184 2239 ipsa
1217 2190 1275 2226 re
1315 2173 1463 2240 quod
1498 2191 1724 2240 gnomas
1763 2177 1820 2226 in
1854 2175 2032 2226 convi-

82 2259 183 2312 viis
219 2260 533 2314 recitabunt
571 2267 624 2315 et
652 2262 852 2330 elegias
892 2281 1040 2316 meas
1071 2263 1449 2317 adulescentes
1489 2282 1610 2317 cum
1637 2265 1788 2318 tibiis
1817 2271 2031 2333 canent,

228 2423 264 2478 ¹)
294 2422 351 2466 V.
377 2425 486 2467 1139
517 2425 728 2468 carminis
750 2427 819 2467 est
838 2425 935 2468 sine
955 2425 1098 2468 dubio
1120 2426 1333 2480 recentis,
1364 2426 1412 2469 id
1443 2427 1568 2482 quod
1599 2427 2032 2472 demonstraverunt

84 2491 262 2536 Usener
300 2493 462 2538 Jahrb.
491 2494 529 2549 f.
559 2494 692 2539 klass.
724 2495 845 2539 Phil.
881 2497 989 2539 1878
1020 2510 1063 2551 p.
1087 2497 1141 2538 69
1172 2499 1218 2539 et
1259 2496 1435 2540 Goebel
1479 2497 1536 2540 de
1577 2511 1693 2543 corr.
1725 2499 1868 2542 attica
1897 2515 1941 2555 p.
1965 2501 2031 2544 10.

85 2563 229 2606 Aliud
259 2568 584 2621 argumentum
615 2566 785 2610 addere
814 2580 1011 2622 possum.
1071 2566 1215 2610 Poeta
1244 2582 1289 2610 v.
1309 2568 1394 2611 923
1425 2568 1513 2610 sibi
1543 2569 1756 2624 permisit
1786 2569 1897 2610 κατὰ
1928 2570 2033 2625 χρή-

83 2650 204 2688 ματα
234 2639 448 2692 correpto
479 2654 508 2678 α
538 2640 646 2681 ante
686 2640 862 2680 mutam
904 2652 1008 2680 cum
1053 2638 1242 2693 liquida.
1302 2637 1387 2681 Est
1428 2642 1582 2682 autem
1611 2639 1699 2689 lex,
1730 2655 1866 2695 quam
1897 2655 2032 2684 nemo

84 2706 235 2749 adhuc
277 2706 464 2751 videtur
501 2708 905 2762 animadvertisse,
956 2723 1058 2752 cum
1098 2709 1155 2751 ab
1197 2708 1403 2752 Homero
1445 2711 1508 2765 (Σ
1534 2712 1619 2753 414
1658 2714 1704 2753 et
1744 2727 1769 2751 0
1801 2713 1881 2754 173
1923 2725 2033 2755 cave

83 2780 217 2834 putes
245 2778 364 2822 hanc
392 2779 543 2836 legem
573 2779 756 2836 violari)
784 2782 884 2824 tum
914 2780 972 2823 ab
1003 2780 1202 2835 antiquis
1232 2780 1447 2836 elegiacis
1468 2783 1514 2823 et
1534 2780 1802 2836 Theognide
1831 2783 2032 2838 genuino

85 2848 334 2905 diligenter
362 2853 544 2895 servata
574 2865 664 2907 qua
694 2851 855 2895 ultima
884 2851 1060 2907 syllaba
1091 2851 1289 2895 cuiusvis
1318 2852 1672 2907 praepositionis
1705 2854 1876 2909 corripi
1906 2857 2031 2897 veta-

83 2922 161 2963 tur
189 2923 299 2964 ante
329 2935 490 2966 vocem
519 2925 693 2966 rectam
724 2937 751 2966 a
782 2925 908 2966 muta
938 2913 1027 2966 csl.
1048 2922 1362 2978 incipientem.
1403 2922 1460 2965 In
1488 2937 1624 2978 quam
1650 2937 1863 2979 peccasse
1894 2925 2029 2968 video

85 2989 356 3046 Dionysium
386 2992 572 3036 demum
593 2993 796 3037 Chalcun
826 2994 887 3049 (3,
909 2994 952 3049 5)
984 2995 1031 3035 et
1053 2991 1238 3035 Cratem
1268 2994 1327 3047 (3,
1350 2995 1377 3035 2
1409 2997 1455 3034 et
1476 2998 1515 3047 4,
1536 2995 1596 3049 4).
1648 2993 1870 3037 Vocalem
1900 3009 2030 3050 prae-

85 3062 326 3118 positionis
355 3064 633 3119 productam
662 3064 837 3108 habent
867 3064 1044 3107 Archil.
1061 3066 1102 3117 4,
1123 3065 1168 3117 33
1200 3065 1241 3117 9,
1262 3066 1310 3117 6;
1343 3063 1473 3118 Tyrt.
1494 3066 1558 3117 10,
1586 3066 1636 3119 1;
1669 3066 1735 3118 10,
1756 3067 1837 3119 21;
1868 3064 2028 3110 Mimn.

84 3134 196 3187 2,3;
238 3135 305 3188 14,
326 3135 376 3189 63
417 3134 512 3179 Sol.
553 3149 625 3192 ap.
656 3134 799 3178 Arist.
834 3135 918 3178 civ.
959 3134 1072 3176 Ath.
1105 3148 1141 3177 c.
1163 3135 1214 3188 5;
1259 3132 1427 3179 Anacr.
1450 3137 1519 3189 94,
1546 3137 1594 3190 13
1637 3134 1808 3191 Theog.
1842 3136 1898 3179 55
1928 3135 2031 3193 (A),

88 3205 170 3247 118
201 3204 310 3261 (B),
350 3207 390 3260 7,
420 3207 527 3259 493,
556 3207 662 3259 733,
694 3207 799 3255 787,
830 3206 937 3258 959,
969 3206 1075 3258 981,
1110 3207 1216 3248 1041
1249 3205 1350 3261 (C);
1402 3205 1575 3248 Simon.
1598 3205 1648 3249 O.
1671 3207 1738 3257 97,
1770 3208 1818 3260 ὃς
1863 3207 1956 3260 120,
1983 3209 2030 3267 13

88 3277 183 3330 143,
204 3277 253 3330 33
286 3277 427 3330 167,1
461 3279 508 3320 et
536 3279 576 3320 2.
635 3277 801 3333 Itaque
839 3275 969 3318 illum
1009 3276 1193 3319 unicum
1235 3276 1386 3319 locum
1428 3290 1484 3319 ex
1525 3276 1701 3332 sylloga
1731 3276 2031 3331 Theognidea

86 3347 164 3402 qui
194 3347 286 3403 legi
315 3360 409 3390 non
439 3347 744 3403 obtemperat,
775 3347 950 3402 optimo
981 3348 1082 3389 iure
1112 3349 1276 3402 poetae
1307 3347 1475 3390 iuniori
1506 3347 1772 3391 tribuemus,

228 3417 266 3473 ς1)
298 3417 370 3460 De
399 3433 440 3461 v.
464 3419 546 3461 159
576 3418 635 3462 cf.
665 3432 709 3473 p.
728 3419 795 3462 17.

229 3488 266 3544 ³)
299 3487 454 3531 Christ
485 3488 690 3532 Μοίνϋς2
730 3488 756 3545 ξ
786 3489 868 3531 251
909 3489 956 3530 in
998 3490 1201 3532 extrema
1231 3491 1355 3541 nota,
1397 3489 1834 3544 Litteo·atur9eseh.2
1864 3504 1908 3546 p.
1934 3490 2027 3544 115,

87 3558 242 3616 Bergk
271 3559 555 3616 Literntury.
586 3558 638 3601 II
669 3574 711 3616 p.
735 3561 815 3603 321
849 3573 886 3603 c.
918 3563 1011 3603 not.
1033 3561 1102 3614 89,
1135 3560 1224 3604 alii.

1747 3645 1773 3673 o
