2372 4108
1130 291 1487 342 ..48-

323 555 513 602 carent
548 549 603 612 (i.
643 564 688 600 e.
728 562 899 614 prope
939 547 1002 597 4·
1034 546 1103 607 7).
1179 539 1391 610 Quodsi
1429 544 1553 612 quis
1586 561 1772 599 versus
2222 579 2269 608 „³
2315 595 2318 599 .

426 667 458 721 ὁ
490 671 591 721 597
616 684 734 736 sqq.
765 665 929 728 αἰνιῦς
963 663 1063 734 γάρ
1097 665 1348 731 μύθοισιν
1384 662 1566 718 ἔπεσσί
1594 683 1652 719 τε
1685 674 1851 721 σοῖσιν
1886 662 2092 719 α’κούων

765 763 1039 829 τέρπομαι.
1079 754 1199 810 ἀλλ’
1236 754 1335 830 ἤδη
1371 776 1464 825 μοι
1496 753 1787 823 ἀνιάζουσιν
1829 755 2023 827 ἑταῖροι

765 849 820 903 ἐν
858 849 1018 919 Πύλῳ
1056 847 1260 921 ἠγαθέῃ

317 973 400 1026 vel
422 977 460 1042 β
484 975 582 1025 181
607 989 727 1041 sqq.
767 969 976 1039 ὄρνιθες
1011 970 1072 1024 δέ
1101 990 1156 1024 τε
1196 971 1385 1024 πολλοὶ
1420 967 1516 1024 ὑπ’
1552 967 1718 1040 αὐγὰς
1753 966 1948 1043 ἠελίοιο

765 1059 1001 1133 φοιτιῦσ’,
1038 1060 1162 1117 οὐδέ
1198 1082 1254 1116 τε
1286 1062 1479 1127 πάντες
1502 1061 1794 1131 ἐναίσιμοι·
1817 1059 1987 1132 αυτάρ
2011 1059 2324 1125 Ὀδυσσεῦς

765 1153 932 1209 ω’λετο
967 1154 1083 1228 τῆλ’
1121 1162 1224 1210 ete.

314 1277 530 1342 recitat,
558 1276 742 1330 facere
761 1294 870 1331 non
892 1282 1073 1347 potest
1091 1277 1223 1347 quin
1244 1293 1475 1345 pausam
1497 1275 1666 1331 saciat
1689 1282 1817 1344 post
1839 1275 2007 1331 verba
2021 1280 2282 1346 τέρπομαι

315 1376 371 1424 et
419 1369 702 1437 ἐναίσιμοις
754 1370 847 1438 qui
895 1368 1066 1436 igitur
1121 1369 1479 1437 pronunciari
1531 1372 1714 1437 potest
1765 1366 2181 1439 τέρπομαήάλϊ
2225 1372 2283 1426 et
2347 1427 2350 1431 ,

312 1460 802 1531 ἐναίσιμο-,Ῐαυτάρῗ
2254 1515 2261 1524 ,
2305 1524 2318 1530 -.

456 1555 586 1609 Hoc
638 1555 805 1608 etiam
851 1554 1027 1621 magis
1077 1553 1222 1607 valet
1271 1552 1338 1606 de
1385 1570 1617 1607 caesura
1669 1571 1811 1623 quae
1866 1556 2095 1607 vocatur
2146 1551 2280 1621 μετᾷ
2319 1597 2343 1610 .,

308 1651 484 1715 τρίτον
520 1655 777 1715 τροχαῖον.
834 1645 903 1699 In
940 1664 1034 1700 sex
1070 1644 1228 1699 libris
1254 1644 1367 1698 illis
1398 1645 1815 1713 undenonagies
1842 1646 1898 1699 in
1923 1646 2101 1715 prima
2133 1643 2280 1721 thesi

309 1740 466 1809 pedis
503 1739 656 1794 tertii
688 1738 897 1793 vocalis
935 1744 1032 1792 aut
1059 1738 1433 1807 diphthongus
1470 1739 1549 1791 ita
1588 1739 1903 1808 corripitur,
1949 1742 2014 1792 ut
2047 1729 2281 1803 caesura

309 1832 595 1887 trochaica
634 1833 852 1886 existat.
925 1831 1321 1886 Dubitabimus
1372 1832 1570 1900 opinor
1604 1831 1957 1886 vehementer
1995 1845 2279 1901 caesuram

315 1926 475 1995 quasi
511 1924 707 1979 tollere
734 1925 1075 1994 diphthongo
1102 1923 1374 1979 dissoluta
1402 1930 1457 1978 et
1484 1924 1521 1993 j
1546 1924 1633 1978 vel
1658 1940 1698 1979 f
1726 1924 1912 1977 littera
1943 1922 2015 1977 ad
2046 1920 2273 1977 verbum

309 2035 538 2087 sequens
574 2022 770 2084 tracta,
810 2015 1084 2086 quomodo
1126 2034 1298 2086 pausa
1334 2035 1444 2071 non
1471 2016 1799 2071 admittitur.
1854 2014 2095 2071 Accedit
2127 2011 2279 2084 quod
2344 2062 2347 2063 γ

305 2112 445 2176 locis
478 2111 673 2180 viginti
721 2110 801 2164 vis
850 2109 1014 2163 huius
1050 2127 1312 2164 caesurae
1348 2111 1794 2179 interpunctione
1832 2109 1990 2179 gravi
2025 2112 2273 2177 augetur,

307 2223 430 2260 cum
467 2203 715 2259 versibus
749 2203 1251 2272 undeseptuaginta
1275 2203 1646 2271 interpunctio
1685 2203 1846 2257 desit.
1901 2202 1982 2258 Ut
2003 2201 2037 2258 δ
2064 2205 2166 2257 107
2192 2220 2276 2272 sq.

1262 2302 1338 2366 τῷ
1376 2293 1514 2367 ὁ’ἄρ’
1548 2297 1762 2364 ἔμελλεν

598 2387 743 2457 αὐτῷ
778 2385 939 2460 κήδε’
961 2387 1186 2451 ἔσεσθαι,
1227 2388 1345 2457 ἐμοὶ
1380 2388 1452 2444 δ”
1429 2388 1559 2457 α’χος
1592 2388 1704 2443 αἰὲν
1741 2386 1967 2443 ἄλαστον

601 2484 768 2535 κείνου
807 2487 913 2536 etc.

305 2593 463 2629 nemo
499 2575 648 2645 leget
689 2573 1070 2641 ἕσεσθα-Ῐεμοί.
2335 2644 2339 2647 .

449 2667 606 2737 Quae
646 2684 770 2721 cum
814 2667 895 2719 ita
944 2666 1080 2734 sint,
1129 2665 1376 2720 Hartelii
1427 2667 1755 2721 sententiam
1795 2665 1969 2720 libere
2007 2663 2273 2729 confiteor

303 2761 435 2814 mihi
474 2778 582 2815 non
615 2759 859 2829 probari,
899 2761 1066 2813 immo
1106 2776 1192 2814 me
1227 2760 1574 2827 acquiescere
1612 2763 1911 2828 praecepto
1954 2756 2051 2812 illo
2088 2762 2271 2815 vetere

302 2853 373 2906 ab
410 2852 668 2907 Hartelio
705 2852 868 2905 irriso
907 2850 994 2917 (II
1031 2869 1082 2919 p.
1125 2854 1212 2918 10)
1252 2871 1306 2922 q.
1344 2869 1389 2906 e.
1434 2852 1710 2907 vocalis
1748 2856 1914 2905 ante
1950 2847 2270 2909 vocalem

303 2946 369 2997 in
423 2945 613 2999 thesi
673 2944 949 3015 dactyli
1007 2946 1427 3014 corripitur.
1517 2944 1865 3014 Quamquam
1920 2944 2027 2998 hoc
2075 2942 2133 2996 in
2184 2940 2269 3006 di-

301 3037 598 3106 phthongis
624 3057 673 3091 οι
700 3043 755 3090 et
782 3058 836 3092 αι
872 3036 1045 3091 multo
1076 3037 1249 3105 magis
1287 3043 1483 3106 poetae
1514 3037 1789 3106 placuisse
1821 3034 2064 3090 concedo
2102 3050 2269 3106 quam
2336 3080 2338 3085 .

301 3131 355 3182 in
393 3129 604 3183 ceteris.
661 3129 902 3186 Videtur
928 3147 1060 3183 sane
1085 3136 1284 3183 natura
1311 3130 1507 3184 harum
1538 3129 2005 3199 diphthongorum
2035 3126 2268 3181 multum
2334 3127 2335 3131 ’

302 3221 369 3274 ad
425 3221 703 3275 licentiam
757 3221 907 3274 illam
962 3222 1353 3289 declinavisse,
1411 3229 1474 3277 ut
1531 3221 1903 3291 diphthongus
1957 3219 2266 3274 breviorem
2335 3236 2338 3239 ·

300 3332 606 3367 mensuram
642 3314 884 3368 haberet.
963 3313 1223 3369 Ceterum
1275 3336 1303 3367 υ
1353 3314 1816 3383 diphthongorum
1853 3332 1915 3367 ov
1947 3317 2003 3367 et
2037 3331 2094 3366 ευ
2130 3326 2267 3364 nun·

300 3424 464 3474 quam
510 3406 642 3459 mihi
691 3406 1037 3474 persuadebo
1091 3425 1314 3461 munere
1366 3407 1788 3462 consonantium
1831 3406 2078 3460 functum
2128 3417 2264 3469 esse,

299 3499 626 3565 praesertim
670 3515 792 3551 cum
831 3518 890 3551 ου
916 3517 1021 3552 non
1049 3500 1218 3553 nimio
1254 3499 1598 3569 frequentius
1637 3499 1968 3568 corripiatur
2004 3513 2169 3567 quam
2200 3512 2262 3566 ῳ,
2313 3517 2333 3570 ε

299 3609 355 3642 ευ
394 3589 478 3643 vel
516 3590 693 3643 rarius
734 3609 896 3658 quam
937 3611 982 3662 η,
1022 3612 1069 3661 ῃ,
1109 3612 1167 3645 ω.
2237 3575 2241 3577 ”
