2372 4108
856 260 1204 308 ...29-

196 415 446 484 Exempli
508 418 690 483 gratia
747 416 915 471 affero
966 436 1045 472 VV.
1102 422 1236 471 1299
1291 424 1344 471 et
1396 423 1560 486 1355,
1618 420 1710 473 ubi
1764 422 1895 475 item
1946 439 2010 474 ac

54 525 102 559 v,
142 510 245 560 329
283 525 388 561 vox
437 526 486 575 q.
527 526 572 561 e.
612 508 816 561 διώκων
851 511 907 562 in
942 527 1103 563 versu
1152 517 1382 564 exeunte
1428 514 1698 579 reperitur
1747 511 2014 578 (Corsenn

56 617 109 668 p.
149 601 229 664 14,
272 602 354 662 15,
391 603 497 665 21).
572 599 654 652 At
690 601 806 668 ipse
845 599 1092 654 Oorsenn
1133 602 1203 654 ad
1242 602 1551 656 Rennerum
1588 604 1799 672 relegat
1837 604 1912 673 (p.
1943 608 2010 655 66

58 707 112 743 n.
159 693 266 757 64),
305 692 397 759 qui
443 698 632 760 poetas
682 693 864 759 epicos
914 693 1118 746 formas
1166 692 1383 756 διώκων,
1434 691 1641 748 διώκειν
1688 700 1791 749 etc.
1841 713 2013 763 paene

57 799 272 851 semper
302 783 358 835 in
390 782 497 836 fine
538 801 724 837 versus
760 786 1008 852 posuisse
1052 791 1337 839 monstret.
1414 787 1664 855 Apparet
1706 788 1877 854 igitur
1912 787 2015 839 hoc

0 922 1 946 ἢ
59 875 365 943 exemplum
403 874 474 926 ad
508 877 883 942 quaestionem
917 882 1161 930 nostram
1198 877 1332 930 nihil
1367 877 1562 944 valere,
1595 880 1759 930 immo
1797 883 2017 946 poetam

0 958 1 967 ¹
59 983 314 1019 versuum
369 969 504 1019 1299
555 973 609 1019 et
662 971 796 1020 1355
846 969 981 1021 nihil
1020 968 1213 1021 fecisse
1251 970 1354 1022 nisi
1402 969 1547 1037 quod
1597 970 2016 1038 exspectandum

62 1056 252 1123 fuerit,
305 1075 430 1126 ergo
481 1076 587 1110 non
630 1077 674 1110 v.
715 1062 816 1111 329
867 1061 1139 1113 imitatum
1187 1077 1320 1113 esse.
1408 1060 1779 1129 Quamobrem
1829 1063 2018 1115 vitiose

62 1150 192 1203 mihi
227 1151 307 1203 vir
352 1149 548 1204 doctus
599 1152 771 1219 egisse
809 1152 1040 1219 videtur,
1088 1153 1234 1219 quod
1271 1152 1403 1205 talia
1456 1153 1528 1205 ad
1578 1171 1765 1207 versus
1802 1160 2020 1207 nostros

65 1243 375 1311 adscripsit.
449 1243 668 1296 Etenim
697 1245 945 1310 quaestio
977 1244 1217 1297 difficilis
1242 1244 1487 1297 iudicatu
1515 1244 1600 1297 his
1625 1247 1794 1314 magis
1829 1247 2020 1299 obscu-

69 1339 226 1388 ratur
262 1339 429 1402 atque
462 1334 817 1387 confunditur
856 1317 1032 1403 quam.
1055 1337 1374 1405 explicatur.

208 1426 402 1495 Neque
451 1444 604 1478 secus
656 1431 737 1478 est
786 1427 852 1479 de
886 1428 1061 1480 verbis
1097 1433 1304 1482 κεῖσθαι
1319 1430 1376 1496 1),
1418 1432 1627 1481 πείθειν
1647 1428 1706 1497 2),
1752 1425 1962 1480 ἀπατᾶν
1981 1427 2023 1492 3)

70 1519 210 1587 aliis,
250 1537 390 1588 quae
426 1536 587 1586 saepe
625 1519 764 1570 hanc
794 1536 981 1571 versus
1020 1520 1203 1573 sedem
1242 1526 1522 1587 occupent.

209 1610 368 1664 Idem
439 1610 580 1662 valet
648 1610 714 1662 de
779 1611 1131 1663 substantivis
1185 1612 1538 1678 quibusdam,
1609 1630 1674 1664 ex
1729 1611 1924 1679 quibus
1981 1612 2026 1662 si

66 1696 279 1770 colligis
327 1707 545 1770 poetam
595 1702 749 1753 illum
798 1720 864 1754 ex
903 1703 1176 1769 farragine
1226 1703 1351 1755 libri
1401 1704 1560 1771 primi
1610 1704 1855 1756 hausisse
1906 1721 2026 1771 pra-

71 1794 286 1846 vissime
335 1793 558 1846 iudices,
638 1794 714 1848 Ut
753 1813 1084 1862 quamquam
1123 1795 1524 1847 concedendum
1572 1801 1655 1848 est
1690 1802 1911 1863 praeter
1947 1812 2023 1847 VV.

78 1888 215 1938 1256
261 1890 316 1937 et
359 1889 496 1938 1324
540 1903 722 1939 vocem
762 1885 1055 1957 εὐφροσύνη
1102 1888 1263 1938 etiam
1313 1887 1367 1937 in
1419 1887 1559 1939 libro
1594 1907 1628 1938 α
1663 1887 1772 1955 legi
1803 1906 1885 1944 vv,
1927 1889 2026 1938 776

75 1982 130 2030 et
158 1980 294 2029 1068
329 1978 384 2029 in
420 1976 528 2030 fine
566 1979 894 2045 pentametri
913 1978 970 2043 4),
1012 1986 1192 2031 tamen
1231 1979 1462 2030 imitatio
1488 1995 1596 2031 non
1623 1984 1723 2034 est.
1775 1978 2032 2032 Occurrit

72 2069 216 2122 enim
247 2069 437 2122 eadem
468 2087 572 2122 vox
609 2070 755 2137 apud
786 2071 899 2124 Sol.
935 2075 1019 2136 26,
1053 2075 1083 2123 2
1123 2077 1178 2123 et
1205 2073 1611 2122 Anacreontem
1646 2073 1731 2136 94,
1767 2073 1802 2122 4
1840 2069 2031 2123 eadem

74 2179 262 2215 versus
297 2160 444 2214 sede.
520 2160 780 2229 Omnin0,
833 2168 886 2215 et
935 2163 1039 2215 hac
1078 2180 1136 2214 re
1177 2162 1350 2214 omnis
1387 2161 1484 2213 illa
1521 2163 1758 2229 suspicio
1801 2162 2030 2227 tollitur,

65 2254 245 2307 -verba
295 2255 350 2307 in
399 2274 488 2324 υνη
539 2255 791 2306 exeuntia
838 2255 1150 2321 saepissime
1194 2270 1226 2305 a
1262 2254 1438 2320 poetis
1479 2254 1733 2320 elegiacis
1779 2253 1853 2306 ibi
1903 2254 2032 2320 poni

77 2345 336 2398 videmus,
406 2345 480 2400 Ut
511 2346 677 2398 etiam
715 2351 931 2399 nostros
968 2347 1255 2398 thesauros
1283 2347 1588 2412 aperiamus
1622 2352 1682 2398 ut
1718 2345 2034 2410 adversarii,

78 2437 357 2507 δουλοσύνη
408 2439 644 2490 occurrit
693 2439 747 2489 in
799 2437 904 2489 fine
954 2438 1283 2505 pentametri
1331 2437 1479 2504 apud
1530 2438 1785 2491 Solonem
1835 2440 1885 2502 4,
1943 2441 2032 2500 183

84 2534 167 2596 11,
203 2532 267 2595 4,
306 2529 544 2597 Theogn.
577 2533 728 2597 1214,
769 2530 976 2585 Simon.
1014 2528 1182 2582 Ceum
1217 2533 1329 2595 101,
1371 2534 1430 2594 2;
1469 2529 1862 2599 παλαισμοσύνη
1891 2527 2037 2595 apud

83 2620 242 2690 Tyrt.
296 2625 378 2688 12,
427 2625 457 2673 2
510 2628 566 2674 et
614 2621 1020 2689 Xenophanem
1068 2625 1117 2686 2,
1171 2624 1263 2686 16;
1317 2618 1614 2690 α’ληθοσύνη
1668 2640 1750 2688 ap.
1796 2620 2035 2685 Theogn.

87 2716 247 2779 12263
287 2713 644 2783 φιλοφροσύνη
682 2713 850 2766 habet
888 2713 998 2766 Jon
1037 2717 1083 2779 2,
1123 2718 1182 2777 8;
1234 2711 1541 2783 σωφροσύνη
1581 2713 1826 2781 Theogn.
1883 2716 2035 2777 1326,

81 2803 272 2858 Simon
323 2806 380 2858 G.
422 2809 540 2872 115,
593 2810 642 2871 4,
683 2805 882 2859 Critias
934 2809 982 2871 2,
1034 2809 1116 2869 22,
1171 2803 1366 2857 Crates
1418 2811 1464 2871 2,
1513 2810 1570 2871 2;
1621 2803 1889 2873 ἀφροσύνη
1927 2803 2037 2855 Sol.

92 2899 174 2963 13,
217 2899 280 2948 70
338 2898 428 2962 (=
472 2896 717 2965 Theogn.
776 2901 927 2962 590),
979 2895 1218 2963 Theogn.
1275 2901 1378 2949 230
1435 2903 1524 2962 (=
1582 2896 1695 2949 Sol.
1757 2900 1837 2961 13,
1896 2894 2040 2961 743³),

83 2988 339 3042 Menand.
377 3005 426 3040 V.
464 2991 495 3039 2
532 2988 755 3055 (Bergk.
795 3008 846 3056 p.
876 2993 1028 3054 375);
1081 2989 1407 3058 φιλημοσύνη
1454 2988 1659 3055 Theog.
1701 2991 1831 3052 284;
1881 2987 2038 3038 πολυ-

236 3181 272 3234 ¹)
306 3179 438 3231 1259;
474 3180 550 3232 193
579 3181 685 3232 4213
717 3180 814 3223 685.
874 3178 1080 3221 Oorsenn
1110 3194 1155 3234 p.
1187 3181 1229 3221 9.

235 3250 274 3306 2)
308 3246 408 3291 οὐδέ
436 3265 492 3302 με
522 3252 684 3292 πείσεις
714 3264 756 3292 v.
790 3250 901 3292 1363
933 3252 980 3292 et
1009 3251 1106 3292 839.
1168 3249 1372 3292 Corsenn
1413 3263 1457 3304 p.
1489 3249 1557 3290 22.
1621 3246 1744 3290 Vide
1776 3246 2046 3290 Rennerum

93 3336 136 3378 p·
167 3323 224 3365 36
237 3322 438 3447 3).1ι2ἓ5;
464 3391 564 3437 143;
587 3391 719 3443 1037,
744 3390 866 3434 1219.
918 3389 1108 3433 Renner
1127 3405 1170 3445 p.
1193 3391 1248 3432 67
1271 3404 1314 3433 n.
1339 3391 1390 3432 71
1425 3388 1652 3443 (Corsenn
1672 3388 1760 3431 hoc
1782 3388 2043 3444 exemplum

88 3463 284 3587 ommi}
309 3532 514 3576 Corsenn
543 3547 589 3587 p.
619 3533 659 3585 9,
690 3531 768 3587 qui
800 3531 987 3587 quidem
1017 3531 1093 3574 hic
1121 3544 1215 3573 non
1245 3533 1404 3586 aperte
1448 3531 1506 3574 de
1536 3531 1792 3573 imitatione
1824 3528 2043 3583 loquitur.
