2372 4108
1174 280 1520 332 „64-

363 441 510 510 apud
550 441 870 509 Homerum,
922 441 1171 511 quamvis
1205 458 1351 507 raro,
1401 440 1530 495 talis
1567 442 1844 510 correptio
1882 442 2194 496 inveniatur
2230 404 2336 519 (οἷςζ

365 550 532 602 supra
570 552 624 603 p.
664 538 755 599 50)
778 536 834 601 ¹),
863 551 932 587 an
958 533 1143 602 potius
1172 523 1456 586 elisionem
1490 537 1730 587 statuam
1767 529 1803 605 ἢ
1838 532 2115 601 ’νώτωνῖλ
2331 535 2333 538 ”

503 653 623 707 Iam
660 653 796 706 illud
823 652 1043 722 quidem
1062 653 1409 721 perspicuum
1446 657 1546 719 est,
1583 653 1996 722 antiquissimos
2023 642 2344 729 elegiarum.3

364 746 661 815 scriptores
701 761 900 813 magno
940 761 1108 813 opere
1148 743 1464 814 discrepare
1517 748 1572 798 et
1606 743 1677 798 ab
1715 745 1963 800 Homero
2011 750 2069 800 et
2109 745 2181 800 ab
2217 743 2346 800 ele-2-

362 836 678 906 giographis
727 835 1142 905 posterioribus,
1230 836 1428 906 Neque
1475 838 1620 891 enim
1675 855 1827 891 mero
1875 855 2007 892 casu
2051 836 2344 912 accidisse?

359 928 579 983 videtur
658 928 808 997 quod
894 928 1042 997 apud
1105 926 1409 997 Gallinam,
1484 928 1917 998 Archilochum,
2004 929 2343 1006 Tyrtaeum-,7

359 1020 591 1088 Asium,
649 1020 1052 1089 Mimnermum,
1108 1027 1170 1075 ut
1231 1023 1331 1076 hos
1399 1021 1692 1091 eligamus,
1748 1039 2029 1091 nunquam
2095 1022 2155 1076 in
2201 1039 2330 1078 eae·

362 1111 491 1167 sura
527 1113 681 1182 pedis
722 1114 872 1167 tertii
909 1115 1193 1168 trochaica
1237 1114 1511 1183 correptio
1565 1115 1857 1170 invenitur.
1928 1114 2154 1169 Etenim
2197 1130 2324 1168 cum

362 1223 428 1259 ex
457 1206 703 1259 versibus
745 1207 993 1260 centenis
1028 1208 1085 1260 in
1121 1206 1308 1260 Iliade
1357 1207 1473 1261 illic
1520 1207 1734 1261 hiatum
1780 1207 2022 1262 habeant
2053 1206 2215 1273 terni,
2264 1205 2325 1260 iu

358 1296 608 1367 Odyssea
633 1298 884 1365 totidem,
924 1299 980 1352 in
1006 1299 1221 1368 hymnis
1253 1300 1383 1364 bini,
1425 1300 1849 1370 exspectandum
1881 1305 2002 1354 erat
2029 1297 2179 1368 apud
2215 1283 2352 1352 ele-⁷

359 1391 546 1459 giacos
583 1391 728 1460 illos,
764 1410 830 1445 ex
860 1409 1093 1461 quorum
1123 1392 1312 1460 elegiis
1348 1410 1537 1446 versus
1566 1395 1671 1445 304
1705 1397 1909 1461 extant,
1941 1396 2067 1446 octo
2102 1389 2189 1445 vel
2226 1390 2356 1444 ιιι)-ζ

359 1498 483 1536 vem
519 1484 774 1553 exempla
811 1484 1175 1553 correptionis
1214 1502 1517 1541 occurrere.
1591 1484 1849 1541 Occurrit
1874 1489 2059 1539 autem
2094 1482 2351 1538 nullum.¹

357 1574 596 1630 Videtur
621 1576 727 1630 hoc
763 1593 982 1646 quoque
1017 1576 1090 1630 ad
1127 1577 1298 1632 tibiae
1323 1595 1482 1631 usum
1519 1577 1729 1644 redire;
1763 1596 1906 1648 quae
1942 1594 2065 1630 cum
2101 1575 2172 1630 ab
2209 1573 2352 1630 alio'

354 1675 665 1735 caneretur,
704 1686 817 1722 non
856 1685 889 1721 a
924 1675 1105 1737 poeta,
1148 1670 1300 1723 illius
1344 1670 1708 1725 modulationi
1740 1669 2044 1740 parendum
2080 1671 2217 1735 erat,
2257 1670 2354 1722 ut'

354 1764 413 1817 in
466 1778 694 1815 caesura
739 1761 975 1830 spatium
1028 1762 1432 1817 intermittendi
1479 1781 1588 1817 non
1633 1764 1690 1816 in
1744 1763 1977 1816 arbitrio
2036 1759 2323 1816 recitantis

354 1855 525 1908 fuisse
545 1853 801 1908 videatur
826 1854 1122 1910 intervallo
1147 1856 1356 1909 ictuum
1387 1856 1509 1924 pari
1533 1855 1826 1922 servand03
1866 1860 2064 1909 contra
2092 1853 2321 1924 rhapso-

357 1948 427 2002 do
484 1948 742 2002 carminis
793 1949 937 2017 epici
981 1949 1076 2018 qui
1111 1949 1226 2017 ipse
1261 1949 1531 2002 citharam
1567 1948 1871 2019 tractabat,
1923 1947 1996 2003 ad
2030 1938 2319 2003 arbitrium

355 2046 410 2095 et
449 2046 510 2094 ut
566 2058 759 2095 sensus
798 2040 1198 2111 verborumque
1236 2043 1317 2094 vis
1360 2041 1688 2110 poscebant,
1742 2041 1905 2096 modo
1939 2041 2138 2111 spiritu
2176 2038 2320 2095 cele-
2355 2066 2357 2070 ⁴

351 2138 470 2187 rato
509 2132 675 2187 modo
714 2134 944 2187 remisso
981 2134 1218 2187 recitare
1259 2133 1480 2187 licebat.

500 2254 813 2324 Sumpserit
844 2254 1082 2309 fortasse
1122 2256 1245 2324 quis
1279 2255 1385 2309 hoc
1424 2254 1530 2308 sibi
1566 2255 1720 2323 iuris,
1758 2272 1879 2309 cum
1906 2271 2168 2309 caesurae
2205 2258 2319 2308 tro-
2357 2294 2361 2331 3

354 2347 579 2402 chaicae
616 2348 777 2400 istius
804 2348 954 2401 modi
992 2348 1087 2401 ubi
1114 2347 1314 2401 vocalis
1353 2348 1665 2417 corripitur,
1701 2349 1760 2402 in
1793 2346 2126 2416 Theognidis
2157 2350 2318 2416 parte
2356 2366 2357 2370 ¹

353 2441 410 2492 A
447 2458 559 2493 non
615 2440 995 2507 inveniantur,
1055 2445 1119 2494 ut
1171 2458 1360 2494 omnes
1397 2458 1538 2509 quae
1586 2442 1642 2494 in
1682 2441 1732 2494 B
1783 2446 1841 2494 et
1876 2438 1923 2495 O
1959 2440 2235 2509 leguntur,
2280 2449 2319 2509 ⁸.

353 2531 673 2601 Megarensi
722 2532 1029 2587 abiudicari
1078 2532 1282 2587 iubeat.
1355 2532 1631 2602 Equidem
1670 2550 1834 2602 quam
1871 2534 1928 2587 in
1969 2537 2180 2603 partem
2226 2548 2318 2586 res
2369 2571 2372 2589 ι

353 2623 717 2693 disceptanda
755 2626 827 2679 sit
872 2626 1220 2679 vehementer
1257 2624 1492 2692 ambigo,
1576 2624 1722 2679 Nam
1772 2626 1955 2680 hiatus
2002 2625 2317 2681 trochaicus
2358 2695 2359 2698 Ἴ

353 2717 518 2770 etiam
557 2718 612 2770 in
652 2718 719 2771 iis
756 2717 947 2784 elegiis
987 2723 1186 2784 exstat,
1236 2736 1376 2786 quae
1412 2719 1660 2787 quamvis
1698 2717 1991 2788 sphragide
2023 2715 2193 2789 Cyrni
2227 2734 2317 2774 ea·

349 2814 536 2863 rentes
642 2815 829 2863 tamen
936 2810 1216 2877 ingenium
1323 2809 1659 2879 Theognidis
1732 2811 1943 2881 spirare
2040 2810 2314 2879 videntur,

353 2904 602 2955 341—50
660 2907 716 2956 ot
765 2905 1014 2956 367—70
1072 2902 1161 2967 (of.
1202 2920 1256 2972 p.
1298 2906 1363 2956 16
1403 2908 1458 2956 et
1494 2902 1602 2972 17).
1693 2902 1815 2956 Has
1854 2901 2163 2972 Theognidi
2199 2902 2314 2958 adi-
2353 2894 2361 2978 j

349 3010 498 3047 mere
555 2994 738 3050 nolim.
828 2995 889 3051 Si
941 2995 1225 3063 continget
1279 3001 1341 3049 ut
1395 3014 1475 3049 W.
1529 2998 1629 3049 341
1685 3002 1741 3050 et
1791 2999 1896 3049 369
1950 2995 2316 3065 probabiliter
2358 3035 2361 3051 2

349 3086 729 3154 emendemus,
779 3092 992 3142 ceteros
1042 3105 1230 3142 versus
1281 3088 1385 3142 hac
1437 3087 1505 3143 de
1549 3106 1717 3142 causa
1771 3093 2054 3158 suspectos
2108 3088 2314 3158 quique

348 3179 534 3232 sanari
570 3185 859 3248 nequeant,
911 3181 1027 3234 sine
1060 3181 1177 3234 ulla
1227 3180 1563 3235 dubitatione
1614 3199 1643 3236 e
1678 3179 1997 3249 Theognide
2034 3181 2212 3236 eicere
2248 3179 2316 3237 li·

495 3412 531 3467 ¹)
563 3410 670 3456 Vox
701 3409 731 3466 ἤ
763 3413 812 3458 in
852 3413 974 3458 thesi
1014 3414 1171 3472 prima
1199 3414 1332 3472 pedis
1361 3414 1490 3459 tertii
1520 3417 1626 3459 ante
1655 3414 1861 3459 vocalem
1892 3416 2110 3472 correpta
2136 3413 2343 3473 legitur.

348 3495 429 3525 sex
459 3482 598 3529 locis:
629 3484 678 3525 K
708 3486 808 3538 451,
844 3486 885 3527 Φ
916 3486 1013 3539 118,
1045 3482 1069 3526 λ
1098 3485 1168 3541 68,
1200 3502 1227 3542 ρ
1258 3486 1355 3540 252,
1386 3485 1539 3543 hymn.
1569 3484 1623 3531 11
1652 3487 1750 3539 519,
1784 3485 1855 3531 VI
1882 3487 1954 3535 29.

494 3566 529 3624 ²)
561 3567 683 3612 Item
718 3569 843 3626 apud
872 3569 1052 3614 Gallim.
1087 3570 1242 3627 hymn.
1274 3573 1315 3624 6,
1345 3572 1403 3615 86
1433 3567 1459 3624 ἢ
1487 3568 1531 3613 ’ν
1553 3568 1728 3629 Ὄθρυιι·
1752 3570 1909 3628 legere
1940 3569 2111 3619 malim.
