2372 4108
861 241 1211 289 -27-

55 397 339 466 parodiam
378 398 493 450 eius
525 399 739 464 generis
776 399 936 467 quale
972 398 1218 451 Oorsenn
1254 400 1449 452 statuit
1487 403 1560 467 (p.
1594 403 1703 467 42),
1741 401 1854 455 scil.
1892 402 2010 454 imi-

54 490 334 554 tationem,
374 489 572 541 nedum
611 491 896 557 parodiam
935 491 1187 558 propriae
1223 491 1478 557 notioniS‚
1518 497 1579 544 ut
1618 498 1700 544 est
1738 496 2009 546 sententia

54 597 158 632 van
198 579 295 632 der
332 580 493 648 Meyi.
571 581 813 634 Parodia
862 583 1005 634 enim
1056 581 1135 647 fit,
1190 582 1235 634 si
1269 582 1434 635 verba
1472 584 1711 635 auctoris
1763 588 1894 636 nota
1938 584 2012 637 ad

52 689 166 725 rem
205 672 439 725 alienam
475 674 553 724 ita
593 673 920 725 adhibentur
947 679 1009 726 ut
1035 675 1176 726 risus
1215 674 1509 740 legentium
1544 680 1844 727 moveatur.
1900 674 2008 729 Sed

53 763 336 816 existimas
365 769 584 830 poetam
614 766 660 816 si
688 784 766 817 vv.
792 770 924 817 1267
945 784 1062 834 sqq.
1092 768 1167 818 ita
1196 766 1342 831 fecit,
1365 765 1660 818 credidisse
1688 783 1872 819 omnes
1894 783 2009 819 car·

51 872 173 908 men
209 873 366 908 suum
401 855 641 922 legentes
676 857 784 910 loci
811 857 960 909 illius
989 856 1327 923 Theognidei
1355 856 1782 910 recordaturos?
1818 858 2006 925 Atque

49 963 267 1001 carmen
293 947 430 1001 illud
467 952 746 1001 1267-70
773 950 1097 1001 amatorium
1133 952 1227 1009 est,
1257 948 1394 1000 nihil
1421 948 1598 1013 aliud3
1628 966 1695 1001 ne
1723 949 2007 1002 minimum

50 1039 272 1106 quidem
308 1040 532 1093 ridiculi
569 1041 751 1093 habet.

192 1144 586 1199 Gravissimum
637 1150 822 1198 autem
882 1147 1190 1214 exemplum
1243 1146 1503 1214 parodiae
1557 1146 1623 1199 de
1676 1164 1784 1214 quo
1838 1147 2004 1200 ceteri

49 1254 158 1290 non
198 1237 452 1291 dubitant
472 1238 528 1302 1),
574 1242 750 1290 exstat
789 1256 834 1291 v,
873 1240 1122 1299 1349l50:

302 1354 437 1410 οὕτω
474 1357 548 1427 μή
585 1358 838 1424 θαύμαζε,
884 1358 1160 1427 Σιμωνίδη,
1195 1355 1380 1411 οὕνεκα
1418 1358 1560 1427 κᾶγιύ

459 1449 709 1519 ἕξεόάμην
742 1451 903 1502 καλοῦ
940 1450 1129 1512 παιδὸς
1167 1450 1322 1515 ἔρωτι
1355 1451 1551 1517 δαμείς.

45 1583 203 1637 Haec
257 1585 312 1636 in
371 1583 476 1637 fine
530 1585 737 1652 elegiae
787 1585 970 1651 posita
1024 1584 1217 1636 dicunt
1265 1585 1488 1637 dubium
1544 1603 1651 1637 non
1695 1600 1813 1637 esse
1872 1585 2000 1651 quin

46 1693 302 1743 expressa
353 1677 462 1729 sint
513 1695 577 1730 ex
615 1677 697 1729 his
735 1678 1034 1728 carminum
1078 1678 1439 1743 genuinorum
1481 1677 1720 1730 versibus
1764 1677 2001 1730 ultimis:

157 1814 202 1848 v.
244 1799 338 1849 25:
379 1794 526 1849 οὐδὲν
554 1797 869 1863 θαυμαστόν,
901 1794 1372 1865 ΠολυπαΐόηὊῦὄὲ
1398 1797 1498 1865 γάρ
1534 1794 1561 1849 ὁ
1590 1797 1721 1859 Ζεύς
1744 1798 1850 1849 κτλ.

115 1892 170 1942 et
211 1891 338 1940 191:
377 1883 514 1940 οὕτω
546 1888 620 1957 μὴ
657 1887 897 1955 θαύμαζε
936 1892 1098 1955 γένος,
1142 1887 1460 1957 Πολυπαΐδη,
1500 1887 1674 1941 οἰστῶν
1708 1890 1815 1942 κτλ.

42 2037 235 2106 Quid?
273 2036 381 2105 Qui
413 2037 533 2090 fieri
556 2041 827 2104 potestut
853 2043 1143 2104 utrumque
1182 2037 1366 2089 locum
1405 2038 1643 2106 scriptor
1681 2038 1999 2106 appendicis

43 2130 287 2182 imitatus
327 2128 439 2180 sit?
473 2127 595 2180 Non
627 2129 732 2180 nisi
764 2129 1104 2192 alterutrum,
1141 2129 1356 2196 opinor,
1386 2129 1501 2182 scil.
1528 2148 1575 2184 V.
1607 2134 1723 2183 191.
1782 2130 1998 2183 Etenim

42 2221 89 2272 si
126 2238 173 2274 V.
216 2223 313 2272 191
362 2221 440 2273 ita
490 2221 790 2288 exscripsit,
833 2226 893 2272 ut
942 2223 1176 2288 speciem
1214 2223 1397 2287 habet,
1450 2239 1555 2273 non
1604 2226 1786 2289 potest
1835 2223 1996 2275 simul

45 2330 91 2364 v.
132 2316 197 2364 25
238 2314 555 2379 respexisse.
632 2313 934 2365 Praeterea
982 2330 1169 2365 versus
1224 2318 1290 2366 25
1328 2333 1435 2367 non
1475 2314 1611 2367 adeo
1660 2313 1854 2366 similis
1893 2319 1992 2367 est.

41 2403 102 2458 Si
140 2409 321 2456 tamen
367 2405 420 2457 in
460 2406 734 2458 sententia
773 2423 870 2457 sua
909 2405 1211 2458 adversarii
1249 2410 1617 2473 perseverant,
1657 2404 1774 2457 scil.
1814 2405 1995 2459 locum

41 2496 370 2549 simillimum
424 2514 560 2564 esse,
619 2515 682 2550 eo
741 2499 911 2565 magis
967 2515 1058 2550 eos
1118 2497 1185 2550 de
1241 2499 1438 2550 ceteris
1493 2514 1678 2550 errare
1731 2498 1994 2565 sequitur.

38 2585 185 2654 Quid
219 2587 401 2641 enim?
441 2588 498 2642 Si
536 2607 595 2641 re
630 2606 757 2641 vera
783 2588 868 2641 bis
895 2588 1170 2657 Theognis
1208 2607 1427 2642 carmen
1469 2588 1634 2641 simili
1668 2589 1830 2642 modo
1868 2607 1994 2643 con-

41 2679 230 2745 clusit,
284 2680 471 2747 itaque
522 2681 805 2748 proprium
858 2681 1130 2748 quendam
1179 2681 1396 2734 dicendi
1429 2698 1585 2733 usum
1619 2685 1840 2734 secutus
1888 2686 1986 2747 cst,

38 2788 146 2838 quo
198 2770 418 2824 tandem
457 2772 572 2824 iure
623 2773 744 2840 quis
796 2778 962 2840 negat
1013 2775 1178 2827 etiam
1228 2774 1454 2827 tertium
1501 2773 1684 2825 locum
1743 2772 1989 2825 eiusdem

37 2870 234 2931 poetae
256 2880 391 2930 esse,
425 2864 587 2915 immo
615 2866 921 2921 necessario
948 2865 1042 2917 alii
1063 2866 1280 2918 cuidam
1302 2882 1420 2918 esse
1443 2863 1900 2918 adscribendum?
1920 2896 1991 2903 ——

39 2954 150 3010 Sed
194 2955 424 3008 alterum
467 2955 642 3008 locum
694 2957 828 3025 (scil.
865 2976 912 3009 v.
956 2960 1076 3023 191)
1111 2962 1275 3024 poeta
1312 2957 1438 3009 libri
1481 2961 1518 3024 β
1561 2956 1697 3009 mihi
1744 2956 1991 3010 imitatus

38 3063 152 3099 esse
189 3046 418 3113 videtur,
471 3065 801 3115 quamquam
841 3049 886 3101 si
923 3049 1043 3116 quis
1080 3048 1162 3100 ita
1208 3048 1325 3101 vult
1364 3049 1527 3101 etiam
1553 3047 1840 3114 Theognis
1874 3047 1992 3099 imi-

36 3143 189 3191 tator
222 3137 448 3191 alterius
487 3157 603 3192 esse
642 3145 840 3206 potest.
910 3139 1118 3194 Verum
1146 3140 1191 3191 si
1224 3139 1585 3192 imitationem
1613 3140 1843 3207 accipi0,
1881 3156 1991 3192 non

37 3231 212 3298 magis
267 3230 631 3297 vituperanda
683 3235 767 3283 est
825 3231 948 3297 illa,
1008 3249 1171 3298 quam
1227 3230 1375 3298 quod.
1431 3235 1595 3298 poeta
1655 3231 1990 3299 Megarensis

181 3425 215 3480 ¹)
252 3424 350 3468 Van
391 3426 475 3470 der
505 3426 610 3483 Mey
654 3442 697 3483 p.
728 3429 784 3471 34
814 3442 900 3484 sq.;
944 3427 1098 3472 Hiller
1137 3443 1181 3484 p.
1213 3429 1320 3482 477;
1363 3427 1510 3471 Gouat
1551 3443 1594 3484 p.
1626 3429 1734 3482 2813
1782 3428 1990 3472 Gorsenn

36 3508 79 3550 p.
111 3496 180 3549 20,
211 3496 281 3550 37,
311 3499 380 3541 43.
