2372 4108
69 413 306 481 donium,
338 413 723 467 Philodemum
761 413 1158 482 Gadarensem3
1205 415 1272 469 de
1312 415 1617 485 Orinagora
1657 418 1769 485 egit
1804 416 2024 471 Ruben-

7 554 10 556 ,
74 505 212 559 sohn
244 506 303 558 in
344 505 587 558 editione
622 522 723 558 sua
738 510 793 569 1).

207 596 434 649 Exclusi
472 614 536 649 ex
570 597 786 650 tabellis
813 597 945 649 meis
969 598 1296 664 particulam
1332 602 1434 664 καί,
1473 599 1531 651 id
1557 599 1703 666 quod
1740 616 1847 651 non
1884 599 2021 652 vitu·

64 693 322 757 peratum¹
385 689 455 740 iri
520 694 655 757 puto
723 688 1020 742 secundum
1088 707 1151 743 ea
1222 707 1361 758 quae
1423 708 1590 758 supra
1659 690 2019 758 exposuimus

67 777 240 833 Cuius
277 779 582 848 particulae
613 798 744 832 usus
782 781 1036 846 cognosci
1070 786 1259 848 potest
1297 799 1363 834 ex
1399 781 1579 834 indice
1619 781 1753 834 hoc:

869 962 895 1006 Ι
1114 963 1169 1007 II
1356 963 1437 1008 111
1607 964 1683 1010 IV
1878 963 1925 1008 V

260 1048 529 1092 hexameter
756 1081 826 1085 -
1270 1081 1506 1087 ——-
1783 1079 2025 1088 ---

802 1091 1982 1246 1121121121112112

0 1336 7 1390 ἑ
63 1343 270 1389 Gallinas
285 1343 549 1389 —Theocn
568 1345 708 1389 chius
796 1348 824 1389 2
925 1347 953 1390 5
1054 1349 1081 1390 6
1181 1349 1210 1391 4
1297 1348 1352 1391 12
1425 1349 1481 1390 60
1567 1349 1595 1391 2
1695 1349 1724 1390 0
1825 1349 1852 1390 5
1939 1347 1996 1391 24

260 1457 569 1502 Alexandrini
798 1461 826 1502 2
925 1462 952 1503 3
1054 1461 1080 1503 3
1181 1462 1210 1503 Ο
1310 1462 1337 1503 9
1424 1462 1480 1503 49
1566 1463 1594 1505 2
1693 1462 1722 1503 Ο
1824 1463 1854 1504 4
1954 1462 1981 1503 9
2068 1485 2073 1487 -

0 1683 4 1690 “
856 1671 883 1715 Ι
1100 1670 1155 1715 11
1348 1671 1423 1716 IV
1618 1672 1664 1717 V

256 1757 550 1811 pentameter
1013 1788 1253 1794 --.-
1271 1789 1512 1795 --..-
1528 1790 1768 1796 ———

797 1859 821 1902 1
870 1800 878 1956 ¹
924 1858 953 1900 2
1057 1858 1079 1900 1
1129 1799 1136 1955 Ι
1183 1858 1211 1899 2
1314 1858 1336 1899 1
1387 1800 1394 1955 ’
1440 1859 1469 1901 2
1573 1857 1595 1900 1
1645 1801 1652 1954 f
1699 1859 1727 1900 2

61 2049 535 2098 Callinus—Theocr.
554 2053 697 2098 Chius
798 2058 824 2100 6
927 2058 954 2100 7
1059 2057 1081 2099 l
1182 2057 1211 2098 0
1310 2057 1339 2098 Ο
1437 2057 1465 2098 8
1566 2058 1594 2099 Ο
1695 2058 1724 2099 0

261 2166 566 2212 Alexandrini
796 2172 826 2213 Ο
913 2171 966 2214 11
1058 2169 1081 2212 1
1186 2169 1208 2211 1
1309 2171 1338 2212 Ο
1435 2171 1464 2212 8
1565 2171 1594 2212 Ο
1693 2171 1722 2212 Ο

202 2363 476 2421 Voculam
527 2367 759 2420 maxime
804 2385 988 2420 amare
1032 2366 1230 2420 thesim
1284 2366 1519 2420 alteram
1554 2368 1709 2435 pedis
1754 2365 1909 2420 tertii
1965 2370 2022 2420 et

59 2456 239 2525 quinti
271 2457 602 2526 hexametri,
651 2459 810 2527 pedis
858 2460 1022 2528 primi
1060 2463 1117 2512 et
1168 2458 1353 2525 quarti
1391 2460 1720 2528 pentametri
1757 2459 2024 2526 videmus,

58 2553 346 2616 praeterea
382 2551 582 2604 thesim
601 2553 836 2620 primam
862 2551 1018 2620 pedis
1046 2551 1196 2604 tertii
1222 2550 1542 2616 hexametri,
1580 2551 1639 2602 in
1679 2550 1875 2603 ceteris
1911 2567 2022 2603 om-

59 2641 221 2694 nibus
255 2659 446 2695 versus
473 2642 694 2697 sedibus
726 2644 906 2695 minus
934 2642 1278 2711 frequentem
1317 2660 1451 2708 esse,
1493 2641 1702 2695 aditum
1729 2660 1839 2695 non
1866 2659 2022 2710 prae-

61 2732 179 2786 beri
215 2734 272 2787 in
297 2735 614 2788 hexametro
653 2735 726 2788 ad
759 2726 990 2789 alteram
1017 2734 1214 2787 thesim
1248 2734 1405 2802 pedis
1433 2734 1616 2801 quarti
1643 2734 1820 2799 (simil.
1852 2738 2020 2802 atque

62 2825 209 2894 apud
274 2828 621 2895 Homerum),
686 2827 742 2880 in
790 2831 1137 2895 pentametro
1185 2825 1257 2879 ad
1305 2827 1536 2894 primam
1587 2825 1788 2879 thesim
1836 2827 2019 2894 quarti

59 2916 218 2986 pedis
255 2922 311 2971 et
345 2922 525 2971 totum
575 2918 843 2987 quintum.
917 2916 1101 2973 Causa
1138 2936 1269 2971 vero
1322 2935 1419 2970 cur
1449 2922 1537 2971 καί
1575 2936 1737 2987 quam
1784 2917 2020 2971 maxime

61 3009 120 3061 in
157 3008 266 3062 fine
298 3011 630 3078 pentametri
661 3014 859 3078 poetae
895 3009 1283 3077 fastidiverint,
1325 3013 1519 3077 aperta
1558 3014 1656 3076 est,
1695 3010 1741 3063 si
1777 3027 1914 3078 quas
1949 3009 2022 3063 le-

17 3088 22 3090 *
62 3088 164 3168 ges
207 3101 292 3154 illi
339 3101 398 3153 in
446 3100 630 3155 verbis
682 3101 755 3154 ad
803 3101 1038 3154 alterum
1087 3101 1491 3154 hemistichium
1530 3101 1797 3169 eligendis
1846 3102 2021 3154 secuti

63 3193 174 3246 sint
210 3193 552 3261 respicimus,
629 3191 713 3246 Of.
753 3209 893 3260 quae
946 3193 1012 3245 de
1062 3197 1339 3246 structura
1386 3192 1721 3261 pentametri
1770 3193 2023 3261 exposuit

62 3282 295 3352 Langen
333 3283 400 3337 de
438 3283 672 3336 disticho
711 3283 972 3337 Graecor.
1010 3283 1251 3352 elegiaco
1288 3302 1341 3352 p.
1382 3287 1449 3336 26
1487 3301 1607 3352 sqq.

206 3409 243 3466 ¹)
283 3409 349 3454 M.
387 3409 696 3455 Rubensohn:
754 3410 1038 3467 Grinagorae
1079 3409 1352 3465 Mytilenaei
1397 3410 1731 3467 epigrammata
1790 3409 2022 3465 (Berolini

64 3481 196 3536 1888)
225 3495 270 3538 p.
292 3481 346 3524 41
365 3495 463 3538 sqq.
510 3479 604 3524 Sed
624 3480 682 3525 cf.
703 3480 1002 3525 Knaackium
1022 3494 1095 3537 ap.
1118 3479 1447 3524 Susemihlium
1474 3479 1738 3525 Geschichte
1757 3480 1838 3525 der
1852 3479 2019 3538 yriech.

61 3551 331 3596 Isltteratur
359 3551 413 3597 in
443 3551 523 3597 der
551 3550 990 3596 Alexandrinerzeit
1019 3549 1072 3595 II
1102 3566 1147 3608 p.
1169 3552 1255 3596 265
1285 3553 1382 3595 not.
1402 3553 1500 3595 216.
