2372 4108
1163 291 1234 299 —
1311 264 1375 314 16
1451 291 1520 299 —
2306 324 2309 329 k
2355 320 2372 357 z.

2363 364 2372 401 ι

376 426 473 479 dos
493 431 549 479 et
569 422 979 490 coniungendos
999 438 1136 475 esse.
1176 420 1517 474 Sententiam
1538 425 1721 474 autem
1754 420 1897 474 hauc
1924 437 2065 475 esse:
2090 420 2171 475 No
2193 423 2334 477 anni·
2352 434 2372 502 j

374 534 490 570 cum
526 518 708 569 reicias
739 515 922 568 vilibus
953 514 1015 567 de
1038 514 1222 579 causis,
1255 530 1384 565 uam
1420 514 1465 565 si
1500 513 1789 565 amicorum
1819 514 1943 566 vitia
1972 514 2150 567 omnia
2181 531 2330 585 aeyro
2360 502 2372 550 ¹

366 610 653 678 ferremus,
707 608 916 660 omuino
970 623 1071 658 nou
1131 606 1485 658 invenirentur
1538 606 1695 657 amici
1744 606 1804 658 in
1853 622 2034 675 yenere
2084 556 2372 661 'numeral

374 700 688 753 Hominibus
736 701 871 751 enim
921 699 1046 751 vitia
1095 698 1254 750 insita
1296 702 1418 749 suut
1463 714 1524 749 ac
1571 713 1766 766 semper
1806 697 2071 751 hominum
2107 700 2356 768 propria-

373 792 663 845 mauebunt.
729 790 805 844 Di
834 796 1004 842 autem
1045 791 1146 858 ipsi
1182 789 1364 842 uolunt
1394 790 1587 858 punire
1618 789 1802 843 delicta
1834 789 2102 843 hominum
2133 792 2326 845 onmia.
2358 840 2360 843 ,

376 885 582 938 Etenim
620 886 680 950 si,
737 885 919 952 Cyrno,
958 881 1171 950 Jupiter
1207 881 1509 935 mortalibus
1534 887 1751 952 propter
1795 882 1971 934 omnia
2005 882 2191 937 delicta
2221 884 2348 938 ira·

368 983 587 1029 sceretur
625 1006 694 1015 —
729 977 905 1028 omnia
940 980 1112 1027 autem
1143 976 1295 1043 novit,
1332 975 1547 1027 consilia
1577 980 1624 1027 et
1642 975 1791 1044 facta
1827 1005 1898 1014 —
1933 976 2328 1046 quotusquisque

369 1069 633 1122 homiuum
668 1069 840 1121 salvus
882 1073 1003 1120 esset
1050 1084 1083 1119 a
1116 1084 1285 1136 poena
1332 1066 1548 1120 divina?
1600 1065 1764 1137 Quod
1814 1068 1860 1120 si
1907 1072 2058 1123 recte
2103 1068 2326 1134 conieci,

373 1180 481 1215 non
523 1161 759 1229 amplius
798 1177 967 1213 unum
1006 1159 1281 1213 distichon
1319 1160 1665 1214 intercidisse
1702 1161 1924 1215 videtur
1955 1162 2103 1215 inter
2134 1179 2182 1215 v·
2220 1162 2326 1215 328

369 1259 423 1307 et
460 1257 580 1320 897,
637 1254 792 1306 cuius
845 1252 1013 1307 verba
1056 1258 1299 1306 extrema
1346 1253 1582 1323 exempli
1618 1254 1799 1322 gratia
1835 1254 1916 1307 ita
1951 1251 2234 1308 conformo
2270 1259 2328 1308 et

367 1364 488 1399 cum
528 1346 947 1414 insequentibus
985 1345 1284 1414 coniungo:

1291 1438 1376 1491 καὶ
1413 1436 1515 1509 γὰρ
1552 1437 1688 1504 ἅναξ
1721 1436 1985 1510 Κρονίδης,

532 1530 706 1599 Κύρν’,
745 1533 791 1583 εἰ
829 1529 983 1582 πάντ’
1019 1528 1256 1599 ἄνδρεσσι
1290 1534 1636 1602 καταθνητοῖς
1670 1530 1982 1597 χαλέπαινεν
2013 1528 2124 1582 κτλ.

508 1623 549 1678 J
553 1642 638 1676 am
677 1629 925 1692 apparet,
963 1624 1174 1692 opinor,
1222 1640 1331 1692 qua
1367 1623 1433 1676 de
1476 1640 1644 1676 causa
1679 1623 2008 1676 sententiam
2042 1637 2221 1676 meam
2256 1618 2324 1674 de

366 1717 556 1785 elegiis
586 1719 836 1769 323—28
863 1721 919 1769 et
944 1719 1229 1770 897-900
1254 1716 1596 1785 protulerim.
1647 1715 1796 1770 Nam
1830 1715 2090 1785 quoniam
2118 1719 2324 1767 utram·

365 1828 469 1877 que
507 1809 755 1877 elegiam,
807 1826 932 1862 cum
978 1809 1196 1862 nomine
1234 1807 1406 1877 Cyrni
1443 1813 1634 1862 notata
1665 1809 1754 1875 sit,
1803 1807 1860 1860 in
1898 1823 2186 1860 numerum
2234 1823 2326 1876 ge·
2361 1801 2362 1804 ’

365 1902 655 1955 nuinarum
722 1901 927 1955 referre
993 1901 1228 1967 licebat,
1291 1899 1526 1954 fortasse
1588 1915 2052 1969 supervacaneum
2118 1898 2328 1968 legenti

364 1994 537 2047 visum
594 1998 677 2047 est
728 1995 946 2062 copiose
1008 1993 1076 2047 de
1131 2011 1272 2047 nexu
1327 1993 1615 2061 utriusque
1670 1992 1971 2062 disputare.
2062 1991 2145 2045 At
2199 2008 2325 2047 cum

363 2103 410 2136 v.
450 2090 553 2139 897
594 2085 927 2155 depravatus
965 2086 1053 2154 sit,
1092 2090 1278 2154 potest
1317 2103 1438 2139 eum
1478 2086 1596 2153 quis
1631 2085 1710 2139 ita
1736 2085 2028 2139 restituere
2064 2083 2224 2151 velle,
2260 2089 2325 2138 ut

363 2196 557 2231 nomen
609 2177 777 2248 Cyrni
834 2180 1013 2233 eiciat.
1109 2178 1236 2232 Hoc
1288 2177 1410 2232 fieri
1456 2196 1616 2247 posse
1664 2177 1851 2247 Bergk
1901 2177 2147 2247 respexit
2198 2193 2323 2231 cum

360 2270 655 2324 scriberet:
708 2271 902 2337 Quodsi
938 2274 1122 2325 statuis
1160 2270 1329 2340 Κύρνε
1381 2277 1561 2324 temere
1597 2289 1659 2324 ex
1694 2288 1840 2325 versu
1875 2273 2114 2341 proximo
2151 2271 2326 2340 priore

363 2366 646 2432 repetitum,
684 2366 759 2417 ita
790 2367 887 2418 erit
911 2382 1083 2418 versus
1113 2363 1444 2435 refiuyeudus
1469 2363 1603 2427 Ζεύς
1634 2363 1682 2417 εἰ
1718 2362 1872 2417 πάντ’
1910 2360 2148 2434 ἄνδρεσσι
2169 2381 2323 2417 xam-
2364 2403 2372 2431 2

359 2460 574 2527 θνητοῖς
610 2459 924 2523 χαλέπαινεν
962 2466 1062 2513 etc.
1129 2456 1180 2511 N
1189 2475 1293 2511 unc
1326 2462 1511 2511 autem
1545 2457 1817 2526 explicato
1852 2454 2032 2525 qualis
2054 2454 2323 2524 pristinus
2364 2436 2372 2554 i

359 2550 657 2619 elegiarum
707 2550 875 2604 fuisse
924 2551 1175 2605 videatur
1212 2555 1418 2618 statuS,
1468 2550 1739 2604 neminem
1777 2549 1888 2603 iam
1922 2563 2084 2618 spero
2120 2562 2319 2601 nomen
2364 2563 2372 2598 ¹.

359 2640 531 2711 Cyrni
571 2662 619 2695 v.
657 2647 760 2697 897
799 2645 854 2697 in
894 2644 1123 2698 dubium
1157 2648 1479 2698 vocaturum
1516 2659 1650 2697 esse.
2364 2605 2372 2743 1

503 2735 604 2791 Vv.
665 2739 912 2790 341—50
972 2737 1020 2790 si
1074 2754 1199 2790 cum
1255 2739 1358 2789 337
1369 2739 1504 2789 -40
1561 2739 1713 2789 arcte
1776 2732 2181 2802 coniungimus,
2257 2734 2323 2784 ut
2364 2749 2372 2791 ι·

357 2846 523 2881 unum
561 2846 782 2882 carmen
820 2829 1048 2896 oriatur,
1099 2827 1389 2898 praeclara
1436 2829 1630 2897 opinor
1666 2828 1845 2897 elegia
1880 2826 2120 2881 efficitur
2152 2827 2322 2894 poeta
2363 2800 2372 2879 l

358 2920 668 2987 Megarensi
727 2921 913 2990 digna.
1003 2921 1350 2976 Sententiam
1412 2920 1718 2990 prolatam,
1776 2926 1839 2975 ut
1891 2918 2173 2989 proprium
2234 2919 2320 2970 est
2365 2931 2372 2999 j

358 3010 519 3065 huius
556 3018 770 3082 poetae,
808 3013 1167 3083 amplioribus
1203 3012 1386 3067 verbis
1424 3012 1590 3066 iterat
1614 3018 1799 3082 atque,
1837 3016 1899 3065 ut
1929 3010 2061 3065 mihi
2096 3007 2316 3079 quidem
2365 3001 2372 3076 ξ

357 3101 598 3169 videtur,
648 3104 749 3159 hac
795 3106 1185 3161 coniunctione
1230 3105 1312 3158 vis
1359 3088 1756 3172 indignationis
1807 3108 1863 3159 et
1910 3102 2159 3158 libidinis
2208 3117 2319 3171 qua
2366 3090 2372 3144 l

357 3193 584 3247 iniurias
622 3197 964 3251 inimicorum
1004 3198 1198 3252 ulcisci
1242 3196 1377 3265 vult,
1415 3197 1764 3251 vehementer
1811 3196 2015 3250 crescit
2061 3199 2118 3249 et
2152 3210 2315 3263 auge·

358 3288 465 3339 tur.
539 3285 627 3340 Ne
670 3307 832 3357 quem
873 3289 1118 3345 offendat
1151 3289 1301 3359 quod
1339 3306 1461 3343 cum
1498 3287 1725 3358 Jupiter
1760 3307 1808 3343 v.
1848 3292 1951 3343 337
1990 3287 2159 3343 tertia
2192 3302 2313 3356 per·

356 3393 488 3429 sona
526 3377 708 3445 fuerit,
759 3382 859 3433 341
899 3382 1075 3435 altera
1118 3380 1457 3452 appellatur:
1511 3381 1594 3435 ita
1639 3381 1836 3436 leniter
1872 3380 2166 3435 deflectere
2202 3395 2313 3433 non

355 3468 528 3538 magis
557 3486 590 3522 a
617 3478 785 3538 poeta
810 3473 1051 3527 alienum
1077 3482 1174 3540 est,
1214 3492 1378 3543 quam
1405 3473 1551 3543 quod
1578 3491 1624 3526 v,
1641 3475 1836 3544 349s50
1856 3473 2088 3543 scriptor
2113 3469 2314 3525 oblitus

355 3578 472 3614 esse
510 3561 725 3616 videtur
763 3581 820 3618 se
858 3583 905 3618 V.
942 3568 1042 3617 341
1084 3564 1281 3619 Jovem
1321 3565 1638 3620 allocutum.
