2372 4108
1130 273 1480 324 —50—

464 436 555 489 Ac
585 434 822 504 primum
859 433 1081 503 quidem
1118 436 1352 502 apparet
1386 449 1671 487 numerum
1702 432 1943 488 thesium
1976 433 2283 503 primarum
2320 454 2323 464 ²

322 528 585 582 minorem
622 543 741 580 esse
791 541 958 595 quam
1006 509 1387 580 secundarum.
1460 522 1587 580 Hoc
1622 541 1734 579 non
1769 524 1931 579 modo
1969 525 2026 579 in
2069 542 2283 585 summa
2319 536 2322 539 ’

319 636 591 686 versuum,
628 617 724 672 sed
750 617 920 672 etiam
945 617 1002 670 in
1029 616 1262 687 singulis
1286 615 1444 671 libris
1471 615 1662 671 eadem
1688 617 1905 671 ratione
1931 617 2283 688 conspicitur,
2318 640 2320 642 ’

318 717 384 766 ut
416 728 548 765 casu
583 710 687 764 hoc
721 708 932 763 factum
965 708 1276 778 negandum
1311 708 1386 762 sit
1405 709 1461 776 ¹).
1516 707 1684 762 Ratio
1718 714 1902 764 autem
1937 727 2080 779 quae
2114 709 2283 766 inter·

321 802 467 858 cedit
501 801 647 855 inter
680 800 867 855 hiatus
899 802 1214 856 trochaicos
1238 805 1294 855 et
1319 799 1625 871 dactylicos
1654 830 1717 840 —
1744 800 2069 870 respicimus
2094 805 2281 857 autem

316 900 529 964 partem
554 893 611 947 A
637 893 860 948 tabulae
881 894 1070 962 solam,
1107 894 1480 963 correptiones
1503 892 1736 948 voculae
1764 898 1852 947 καί
1874 892 1966 948 hic
1983 910 2093 948 non
2125 909 2281 950 cura·

316 1004 437 1041 mus
474 1018 544 1027 —
580 987 718 1041 haec
753 991 865 1041 est:

800 1106 860 1160 in
895 1105 1077 1161 Iliade
1188 1109 1322 1159 1251
1347 1125 1358 1159 :
1379 1108 1520 1160 2094
1543 1131 1615 1152 =
1644 1112 1668 1159 l
1695 1125 1706 1159 ε
1732 1108 1816 1174 1,7

798 1199 856 1252 in
891 1198 1142 1269 Odyssea
1181 1201 1318 1253 1009
1341 1217 1352 1251 :
1378 1199 1515 1250 1797
1542 1223 1613 1243 =
1642 1201 1668 1251 1
1694 1217 1706 1253 ε
1730 1200 1817 1266 1,8

801 1292 857 1345 in
890 1292 1107 1361 hymnis
1215 1294 1351 1345 155:
1413 1294 1517 1344 312
1542 1316 1613 1335 =
1640 1294 1668 1344 1
1692 1310 1704 1344 :
1727 1293 1776 1344 2.

454 1410 675 1467 Deinde
713 1429 1049 1482 quamquam
1083 1411 1336 1466 omnibus
1362 1412 1667 1466 hexametri
1704 1411 1839 1466 locis
1877 1411 2278 1481 correptionem

312 1502 533 1558 admitti
580 1503 855 1573 videmus,
906 1508 1092 1558 tamen
1141 1504 1340 1557 mirum
1392 1509 1661 1573 quantum
1704 1505 1938 1559 interest
1990 1521 2099 1574 quo
2153 1504 2276 1560 loco
2327 1487 2331 1494 ⁷

313 1597 660 1666 corripiatur,
701 1614 824 1651 cum
860 1598 917 1651 in
947 1598 1050 1652 hoc
1080 1596 1224 1666 pede
1260 1596 1535 1666 frequens,
1573 1597 1631 1650 in
1664 1596 1762 1651 illo
1787 1595 2084 1651 admodum
2117 1613 2279 1652 rarus
2331 1632 2334 1634 v

311 1689 385 1743 sit
415 1689 617 1743 hiatus.
687 1689 879 1760 Atque
905 1707 969 1744 ea
995 1707 1165 1744 causa
1198 1689 1625 1758 disputationem
1663 1693 1913 1743 nostram
1942 1688 2277 1744 statisticam

311 1799 477 1851 quam
511 1781 794 1851 appellare
839 1782 1037 1850 solent,
1088 1799 1200 1836 non
1239 1782 1488 1836 inutilem
1526 1781 1643 1835 fore
1682 1799 1860 1851 spero.
1931 1780 2279 1851 Perspicitur

310 1874 454 1927 enim
480 1875 641 1944 quasi
666 1893 855 1930 sensus
881 1876 1143 1931 metricus
1166 1881 1379 1944 poetae,
1405 1873 1647 1928 videmus
1671 1874 1767 1928 ubi
1791 1891 1981 1928 versus
2010 1874 2278 1943 pangenti
2328 1901 2330 1925 e

308 1972 577 2037 tanquam
627 1986 728 2022 sua
772 1973 968 2037 sponte
1014 1968 1197 2023 hiatus
1249 1986 1308 2022 se
1354 1966 1631 2034 obtulerit,
1685 1983 1849 2037 quem
1896 1965 2080 2020 locum
2111 1966 2276 2025 anxie
2343 2026 2345 2031 ,

308 2059 529 2129 fugerit.
603 2060 842 2116 Maxime
892 2079 1019 2130 ergo
1074 2062 1259 2115 hiatus
1302 2059 1429 2114 illos
1484 2059 1753 2113 admissos
1802 2058 1983 2112 elucet
2023 2059 2082 2112 in
2129 2058 2275 2115 thesi
2336 2077 2342 2086 ¹

308 2153 489 2207 altera
535 2147 711 2222 pedis'
738 2154 923 2223 quarti
966 2159 1093 2207 ante
1145 2170 1430 2207 caesuram
1479 2150 1789 2205 bucolicam
1837 2154 1929 2218 (30
1948 2151 2054 2221 ⁰s0),
2103 2151 2274 2222 paulo
2331 2210 2344 2219 ⁷,

305 2247 483 2300 rarius
540 2246 598 2299 in
647 2253 883 2316 utraque
934 2246 1079 2301 thesi
1129 2245 1288 2315 pedis
1349 2244 1513 2314 primi
1573 2249 1627 2297 et
1679 2244 1826 2298 thesi
1874 2243 2056 2313 prima
2099 2244 2271 2300 tertii.

306 2339 497 2409 Atque
533 2339 592 2392 in
643 2339 747 2393 hac
783 2338 911 2393 sede
947 2338 1107 2409 pedis
1157 2338 1309 2392 tertii
1357 2354 1532 2407 paene
1585 2354 1801 2405 semper
1853 2335 2065 2405 syllaba
2109 2336 2275 2406 longa
2336 2368 2343 2378 ·

305 2431 385 2485 ita
420 2432 733 2501 corripitur,
769 2436 833 2485 ut
867 2436 997 2501 post
1034 2448 1156 2485 eam
1188 2447 1420 2484 caesura
1452 2428 1690 2495 oriatur,
1741 2428 1855 2482 scil.
1901 2445 1966 2482 ea
2004 2446 2148 2498 quae
2182 2446 2274 2485 vo·

307 2529 466 2578 catur
501 2523 638 2592 μετά
680 2528 855 2593 τρίτον
885 2533 1131 2593 τροχαῖον
1169 2524 1234 2593 (.·.
1258 2552 1300 2576 ἶ.
1326 2523 1345 2593 ΙΙ
1374 2526 1452 2589 ν).
1527 2521 1767 2576 Perraro
1806 2525 1937 2589 post
1988 2537 2273 2577 caesuram
2337 2540 2347 2550 ··

305 2617 608 2671 masculam
631 2635 735 2671 vox
754 2616 1140 2687 monosyllaba
1153 2614 1503 2685 corripiendo
1529 2614 1709 2668 brevis
1740 2614 1806 2668 fit
1829 2618 1894 2679 (ss
1920 2613 1943 2685 ΙΙ
1966 2643 2011 2671 z
2029 2619 2110 2683 v),
2147 2631 2271 2671 cum
2340 2648 2342 2650 ·

304 2725 416 2762 non
454 2708 691 2777 amplius
716 2710 910 2779 viginti
937 2727 1032 2764 sex
1065 2709 1317 2778 exempla
1340 2708 1503 2762 huius
1528 2707 1889 2777 correptionis
1919 2707 2272 2763 inveniantur
2338 2747 2340 2775 :

305 2819 371 2854 ex
407 2805 513 2855 849
533 2801 605 2873 ’);
643 2802 751 2856 nisi
788 2808 872 2856 est
905 2819 1010 2856 vox
1044 2805 1148 2870 καί,
1199 2819 1343 2871 quae
1394 2818 1522 2855 suas
1558 2800 1706 2870 leges
1743 2799 1996 2870 sequitur
2029 2803 2087 2853 et
2121 2798 2272 2855 hunc
2337 2859 2340 2860 ⁷

303 2891 485 2947 locum
522 2911 699 2963 paene
738 2895 974 2949 maxime
1012 2900 1195 2962 amat,
1244 2912 1355 2963 qua
1392 2893 1461 2948 de
1511 2910 1570 2948 re
1620 2893 1783 2948 infra.
1861 2891 2152 2947 Proximus
2185 2897 2271 2947 est

303 2986 616 3055 frequentia
645 2987 1054 3057 correptionum
1079 3005 1178 3057 pes
1214 2986 1458 3057 quintuS,
1498 3004 1660 3055 quem
1689 2990 1793 3040 502
1819 2986 2005 3040 hiatus
2031 2984 2270 3039 trochai-

302 3094 423 3145 cos,
488 3081 590 3133 693
639 3079 947 3149 dactylicos
996 3079 1202 3134 habere
1265 3079 1526 3134 videmus.
1611 3078 1790 3133 Multo
1846 3078 2027 3132 minus
2082 3081 2269 3132 autem
2348 3072 2350 3075 ’

302 3170 479 3225 hiatui
503 3171 670 3227 debili
694 3178 923 3242 apparet
959 3171 1171 3227 aditum
1190 3173 1438 3242 patuisse
1476 3170 1549 3226 ad
1585 3170 1778 3241 pedem
1817 3170 2054 3225 alterum
2089 3174 2268 3224 totum
2345 3211 2347 3214 -

447 3358 484 3413 ¹)
513 3357 653 3403 Hanc
680 3371 779 3402 rem
809 3357 949 3402 etiam
979 3356 1247 3401 observavit
1276 3354 1444 3400 Hartel
1473 3354 1528 3400 11
1557 3370 1602 3413 p.
1621 3355 1708 3399 876
1738 3357 1789 3399 et
1816 3352 1899 3399 111
1928 3368 1973 3411 p.
1993 3353 2068 3399 46.

444 3442 483 3499 ¹)
515 3442 559 3485 B
587 3444 685 3495 762,
719 3443 873 3498 2142,
908 3443 962 3484 H
988 3443 1083 3497 111,
1114 3441 1140 3487 1
1173 3443 1257 3487 184
1278 3462 1330 3479 =
1351 3443 1450 3496 266,
1484 3441 1534 3483 K
1557 3441 1657 3495 451,
1687 3442 1726 3482 A
1759 3439 1857 3494 sos,
1892 3440 1943 3481 11
1975 3438 2071 3493 149,
2106 3436 2148 3479 Φ
2171 3438 2267 3494 113,

306 3512 347 3553 se
372 3513 472 3558 212.
530 3510 558 3556 δ
583 3515 679 3571 71,·
710 3516 734 3566 ς
766 3515 871 3570 153,
916 3512 941 3556 λ
971 3515 1054 3569 59,
1094 3512 1119 3563 ε
1144 3516 1253 3568 904,
1298 3528 1332 3555 π
1365 3514 1440 3568 19,
1487 3529 1514 3568 ρ
1543 3513 1631 3557 952
1660 3514 1709 3556 et
1736 3512 1847 3565 455,
1876 3528 1903 3553 υ
1936 3511 2032 3556 193.
2090 3507 2265 3568 nyma.

299 3581 326 3626 1
354 3585 453 3637 335,
483 3582 536 3629 11
566 3585 651 3629 445
681 3588 729 3630 et
757 3586 856 3638 519,
887 3583 962 3631 1v
997 3587 1051 3629 17
1082 3588 1130 3629 et
1159 3586 1231 3639 45,
1263 3582 1337 3630 vl
1368 3584 1438 3635 21,
1470 3585 1540 3635 29,
1570 3582 1640 3628 55.
