2372 4108
1111 251 1431 301 ...3-

293 414 510 468 nomine
558 412 725 480 Cyrni
763 410 848 464 vel
890 408 1212 479 Polypaidis
1250 413 1443 462 notata
1478 408 1590 462 sint
1625 409 1866 477 genuina
1900 426 2019 463 esse
2053 407 2251 462 funda·

294 512 644 574 mentumque
682 503 898 556 firmum
926 501 1085 555 nobis
1121 499 1400 570 praebere,
1434 501 1490 553 in
1517 518 1627 569 quo
1654 500 1846 570 pedem
1874 500 2043 569 figere
2077 499 2252 569 possi·

294 616 427 651 mus.
483 596 679 665 Neque
715 612 844 648 vero
884 593 1010 646 inde
1049 591 1302 659 efficitur,
1342 592 1490 661 quod
1528 592 1727 648 Sitzler
1761 592 1902 647 salso
1938 592 2251 658 affirmavit,

291 695 474 742 cetera
514 688 697 742 omnia
727 686 973 741 carmina
1009 701 1151 752 quae
1179 689 1276 737 aut
1303 694 1499 738 nomen
1526 683 1699 754 Cyrni
1736 702 1845 738 non
1880 684 2119 739 habeant
2156 689 2265 739 aut

291 778 442 832 aliud
477 796 675 832 nomen
711 795 844 847 prae
882 795 939 831 se
988 774 1184 838 ferant,
1225 776 1531 830 necessario
1568 776 1755 845 spuria
1795 793 1914 831 esse
1938 781 1996 842 ¹).
2071 776 2251 831 Immo

290 891 353 925 ex
391 887 437 926 v,
467 875 533 924 23
570 869 943 939 Theognidem
990 867 1397 922 evidentissime
1446 873 1679 936 apparet
1727 869 1837 922 iam
1874 873 1993 922 tum
2029 874 2251 938 poetam

291 965 496 1017 clarum
524 964 706 1029 fuisse,
740 963 776 1018 i.
818 980 862 1017 e.
900 962 1009 1014 iam
1038 965 1296 1029 poemata
1324 960 1379 1013 in
1415 959 1699 1029 publicum
1735 960 1972 1015 edidisse
1991 962 2048 1029 ²).
2116 958 2251 1030 Qui·

288 1056 388 1109 bus
440 1073 505 1108 ex
555 1053 888 1108 carminibus
940 1070 1062 1106 cum
1114 1052 1377 1107 nonnulla
1426 1070 1461 1106 a
1510 1055 1689 1122 poetis
1739 1053 1901 1107 malis
1935 1051 2084 1108 furto
2122 1053 2251 1108 sub·

289 1148 452 1201 ducta
508 1151 716 1212 essent,
766 1146 908 1199 hanc
949 1163 1146 1199 novam
1194 1163 1359 1215 quam
1411 1146 1719 1214 composuit
1774 1144 2020 1215 syllogen
2068 1143 2251 1215 Cyrno

288 1241 533 1293 dicatam
574 1243 723 1292 certo
758 1237 940 1305 sigillo
978 1238 1203 1292 notavit.

428 1329 628 1399 Neque
667 1347 877 1398 paucae
909 1321 1037 1384 sunt
1074 1330 1280 1398 elegiae
1304 1347 1441 1398 quas
1468 1347 1801 1398 quamquam
1829 1331 2050 1384 nomine
2079 1328 2250 1399 Cyrni

286 1428 513 1475 careant
549 1427 734 1476 tamen
773 1440 806 1475 a
842 1428 1008 1492 poeta
1045 1422 1358 1491 Megarensi
1394 1421 1670 1491 profectas
1698 1439 1818 1476 esse
1844 1422 2100 1492 equidem
2135 1439 2249 1477 cre·

284 1515 425 1569 dam.
491 1514 567 1569 Ut
602 1532 684 1567 vv,
720 1517 821 1567 773
843 1518 985 1580 -82,
1025 1514 1093 1568 de
1132 1514 1331 1583 quibus
1368 1514 1533 1568 hodie
1564 1514 1655 1567 vix
1688 1515 1978 1584 quisquam
2014 1514 2250 1583 dubitat,

286 1607 482 1661 deinde
532 1626 614 1660 vv.
647 1610 929 1660 1049-58
966 1625 1107 1676 quos
1144 1608 1252 1660 iam
1293 1609 1744 1675 commemoravi,
1794 1625 1960 1677 porro
1997 1610 2248 1662 97-100

283 1718 383 1755 nec
422 1702 600 1753 minus
626 1718 709 1755 vv,
740 1702 1021 1752 197—208
1046 1717 1185 1769 quos
1219 1717 1343 1753 cum
1375 1700 1623 1754 versibus
1656 1703 1902 1754 753-56
1940 1718 2072 1755 sane
2106 1717 2141 1755 a
2166 1718 2248 1754 vv.

286 1795 530 1846 743-52
594 1791 946 1846 secernendis
1010 1793 1068 1845 in
1129 1809 1295 1846 unam
1362 1790 1596 1860 elegiam
1658 1792 2071 1862 coniungendos
2128 1810 2249 1848 esse

283 1885 515 1939 conicio.
589 1884 802 1941 Versus
852 1889 1039 1938 autem
1088 1884 1281 1954 99s100
1319 1890 1375 1938 et
1415 1885 1568 1952 75516
1608 1890 1738 1955 apte
1782 1902 1906 1939 cum
1941 1886 2063 1956 37s8
2102 1903 2248 1941 com-

281 1978 464 2046 parari
527 1995 686 2047 posse
748 1995 905 2031 nemo
967 1977 1193 2046 negabit
1251 1976 1344 2043 (cf.
1397 1977 1564 2031 etiam
1614 1977 1784 2032 verba
1831 1983 1997 2032 ταῦτα
2048 1980 2245 2048 μαθών

282 2073 348 2121 37
402 2075 458 2123 et
499 2069 695 2135 753)⁸).
790 2069 1139 2139 Quamquam
1192 2070 1462 2139 optimum
1518 2061 1664 2125 esse‘
1690 2070 1830 2124 duco
1885 2089 1986 2126 nos
2044 2071 2249 2128 finibus

280 2161 686 2228 angustioribus
734 2162 971 2231 ideoque
1019 2162 1349 2216 certioribus
1398 2163 1664 2217 contineri
1714 2167 1770 2217 et
1827 2163 1906 2217 eis
1957 2171 2257 2221 contentos

281 2270 400 2306 esse
441 2254 689 2308 versibus
738 2272 875 2323 quos
922 2260 1088 2323 poeta
1138 2255 1357 2308 nomine
1407 2255 1577 2308 amati
1615 2255 1871 2324 apposito
1909 2272 2042 2311 suos
2079 2258 2247 2328 signi-

279 2344 542 2400 ficaverit.
608 2347 736 2401 Hoc
765 2361 914 2402 recte
942 2352 1272 2402 monuerunt
1305 2347 1471 2400 etiam
1490 2346 1680 2416 Bergk
1703 2353 1776 2416 (p.
1801 2350 1929 2420 314)
1956 2354 2014 2404 et
2033 2349 2244 2406 Belooh

280 2436 482 2504 (Jahrb.
516 2440 563 2508 f.
603 2440 756 2493 Mass,
797 2440 934 2493 Phil.
977 2443 1113 2493 1888
1151 2458 1202 2509 p.
1234 2444 1375 2506 730).
1450 2439 1658 2494 Tamen
1696 2457 1784 2493 res
1821 2457 1932 2494 non
1966 2446 2082 2496 tam
2120 2444 2246 2497 sim·

278 2530 496 2599 pliciter
533 2548 590 2585 se
624 2531 806 2598 habet,
854 2550 980 2585 nam
1018 2538 1408 2602 praeterquam
1448 2532 1598 2602 quod
1630 2532 1878 2587 nonnulli
1913 2533 2091 2588 critici
2126 2535 2246 2603 qui-

279 2622 510 2676 busdam
558 2625 696 2678 locis
745 2642 943 2679 nomen
983 2623 1149 2694 Cyrni
1187 2626 1244 2678 in
1282 2627 1650 2694 suspicionem
1686 2630 1891 2679 vocant
1909 2626 1983 2694 ¹),
2034 2626 2243 2698 elegiae

278 2732 383 2767 non
422 2733 628 2783 paucae
667 2717 834 2770 etiam
873 2717 996 2770 aliis
1042 2716 1462 2772 difficultatibus
1499 2718 1777 2773 laborant.
1852 2718 2056 2788 Itaque
2092 2718 2243 2773 haud

426 2906 464 2962 ¹)
496 2905 548 2951 P.
569 2908 626 2951 32
656 2911 702 2951 et
730 2909 799 2952 35.
860 2908 929 2953 Cf.
961 2908 1118 2953 Hiller
1146 2923 1191 2966 p.
1212 2911 1312 2955 474.

422 2976 460 3032 ²)
492 2978 681 3035 Optimo
711 2978 812 3023 iure
841 2980 1053 3037 plerique
1082 2980 1173 3025 viri
1202 2980 1330 3024 docti
1350 2978 1670 3037 Theognidem
1699 2979 1937 3034 ὑποθήκας
1967 2982 2029 3026 εἰς
2052 2979 2244 3037 Κύρνον

275 3051 427 3093 aetate
455 3054 741 3106 provectum,
773 3050 967 3096 fortasse
996 3052 1087 3097 iam
1118 3065 1274 3096 senem
1304 3052 1541 3110 scripsisse
1569 3051 1852 3098 existimant.
1913 3051 2241 3097 Schneidewin

274 3134 318 3176 p.
339 3121 410 3173 47,
440 3120 646 3165 Leutsch
676 3120 796 3166 Phil.
827 3121 998 3166 XXIX
1029 3138 1074 3181 p.
1095 3124 1195 3178 518,
1226 3122 1384 3181 Bergk
1414 3137 1458 3180 p.
1476 3124 1576 3168 320.

419 3191 454 3244 ⁸)
485 3192 840 3249 Appellationee
871 3208 915 3250 q.
946 3208 980 3238 s.
1012 3192 1111 3251 φίλε
1153 3199 1202 3238 et
1240 3193 1328 3251 φίλ’
1369 3195 1520 3249 &aava
1563 3207 1710 3252 paene
1750 3193 1891 3239 credo
1931 3193 1992 3239 nd
2034 3193 2241 3251 Cyrnum

274 3262 523 3318 pertinere.
584 3263 679 3307 Sed
720 3264 904 3309 obstare
943 3265 1133 3310 videtur
1161 3266 1288 3323 quod
1317 3281 1359 3311 v.
1380 3268 1467 3311 ’753
1505 3279 1600 3311 non
1639 3263 1738 3322 φίλε
1771 3261 1926 3321 Κύρνε
1965 3264 2142 3311 dietum
2171 3268 2243 3310 est

274 3336 326 3377 ut
354 3337 555 3378 metrum
599 3335 866 3391 patiebatur
904 3338 975 3393 (ut
1006 3339 1086 3382 181
1118 3341 1167 3381 et
1195 3339 1311 3395 589).
1371 3337 1508 3395 Quod
1546 3337 1816 3382 coniectura
1857 3336 2108 3382 restituens
2148 3349 2241 3381 non

272 3403 434 3449 audeo.
493 3404 573 3449 Ad
603 3419 787 3450 versum
816 3410 975 3451 autem
1002 3409 1061 3452 99
1091 3408 1304 3453 conferas
1333 3423 1375 3454 v.
1396 3409 1507 3453 1138
1539 3422 1597 3453 ex
1629 3408 1836 3452 carmine
1866 3420 1977 3453 sane
2006 3407 2179 3466 spurio.

416 3475 455 3531 ⁴)
485 3475 710 3534 Hartung
751 3477 811 3521 ad
849 3492 891 3522 v.
925 3480 1033 3534 2133
1093 3479 1271 3525 Usener
1313 3479 1477 3525 Jahrb.
1519 3478 1558 3534 f.
1598 3478 1738 3525 klass.
1770 3477 1897 3524 Phil.
1931 3479 2043 3524 1878
2073 3493 2120 3537 p.
2155 3480 2236 3533 7ος

275 3544 491 3590 Immisch
523 3547 554 3591 l.
586 3562 623 3592 c.
655 3564 701 3604 p.
721 3550 778 3592 94
808 3548 911 3592 adn.
932 3551 973 3594 2.
