2372 4108
1161 232 1508 280 -30-

356 394 586 463 φροσύνη
613 392 819 460 Theog.
853 394 986 455 7123
1025 388 1333 460 ἄπημοσύνη
1358 387 1565 456 Theog.
1595 393 1725 456 7583
1764 389 2087 463 ἐπιφροσύνῃ
2114 392 2323 465 Theog.

362 488 527 548 1100;
568 484 831 553 ἱπποσύνῃ
870 483 1001 536 Sim.
1037 482 1100 535 O.
1140 486 1257 546 108,
1294 484 1325 533 2
1349 482 1407 549 ¹).

497 576 760 629 Fortasse
814 593 935 628 eum
988 575 1080 642 qui
1132 574 1266 626 haec
1314 573 1473 640 legit,
1522 572 1751 628 offendit
1793 575 1928 630 haec
1984 577 2324 634 abundantia

354 685 489 733 mea,
544 669 634 720 ubi
685 683 861 735 pauca
913 664 1164 733 exempla
1216 666 1349 718 satis
1392 683 1511 719 esse
1556 672 1731 733 putes.
1805 666 2002 737 Neque
2039 686 2167 724 vero
2217 670 2324 729 hoc
2364 657 2372 731 l

354 762 468 814 sine
498 777 665 813 causa
700 758 855 811 facio.
926 757 1047 811 Iam
1087 759 1230 811 enim
1266 758 1422 825 quasi
1451 775 1518 812 ex
1547 764 1786 827 angusto
1813 760 1935 815 sinu
1969 760 2321 831 Theognideo
2363 734 2372 835 {-

353 851 511 905 nobis
547 851 795 904 videmur
831 852 885 902 in
930 866 1080 903 mare
1115 849 1286 902 altum
1328 852 1565 918 provecti
1602 868 1720 905 esse
1761 857 1817 905 et
1852 851 2020 907 litora
2059 870 2172 908 non
2209 854 2320 910 iam
2367 837 2372 918 Ξ

352 945 678 1011 conspicere.
759 942 1130 1010 Intelligimus
1168 941 1305 995 illud
1337 942 1406 997 de
1445 960 1553 1011 quo
1594 945 1805 1012 agimus
1862 946 2147 1015 proprium
2199 963 2320 1002 esee

349 1037 587 1090 omnium
628 1035 1171 1105 elegiographorum;
1214 1052 1322 1102 quo
1360 1036 1532 1103 magis
1570 1035 1787 1089 illorum
1827 1039 2100 1093 sententia
2135 1037 2320 1094 redar-

355 1130 541 1197 guitur
580 1129 672 1196 qui
707 1133 929 1196 poetam
969 1132 1219 1181 nostrum
1260 1127 1393 1181 furti
1432 1127 1768 1182 insimulant.

490 1220 870 1273 Adhibeamus
886 1221 995 1272 iam
1017 1207 1307 1274 nonnullas
1322 1219 1613 1274 verborum
1630 1221 2075 1290 compositione&
2105 1220 2316 1282 Versus
2370 1227 2372 1229 ’

353 1315 631 1365 1323-26
684 1312 868 1366 Oouat
918 1311 1205 1380 parodiam
1258 1311 1426 1366 habet
1482 1330 1736 1366 versuum
1795 1314 2160 1385 lna-22²).
2246 1314 2317 1369 Iu

345 1411 581 1473 utroque
619 1406 859 1457 carmine
897 1410 1118 1472 poetam
1145 1404 1390 1458 videmus
1417 1411 1603 1459 votum
1640 1405 1837 1470 facere,
1877 1405 2006 1460 deos
2039 1406 2315 1476 invocare,

344 1497 521 1550 verbis
558 1499 701 1563 μέτρ’
753 1492 884 1568 ἥβης
922 1496 1007 1549 vel
1048 1493 1178 1569 ἥβης
1211 1501 1399 1564 μέτρον
1437 1498 1531 1550 uti.
1606 1498 1688 1550 At
1726 1498 1820 1566 qui
1870 1515 1981 1551 non
2018 1515 2314 1568 praeoccu-

344 1595 479 1658 pata
512 1594 694 1642 mente
735 1589 804 1642 ad
841 1607 950 1642 rem
987 1589 1344 1643 iudicandam
1380 1589 1717 1658 aggreditur,
1759 1589 2029 1645 concedet
2064 1591 2315 1646 similitu-

342 1681 521 1735 dinem
562 1682 646 1733 vix
687 1700 804 1735 esse
842 1683 945 1734 nisi
995 1681 1301 1747 verborum,
1353 1688 1676 1750 argumenta
1713 1687 1828 1736 tam
1870 1682 2158 1737 dissimilia
2195 1702 2314 1740 esee

343 1782 404 1829 ut
437 1774 503 1827 de
543 1775 842 1827 imitatione
874 1776 1102 1842 cogitari
1139 1791 1250 1828 non
1282 1775 1471 1843 possit.
1549 1776 1739 1843 Atque
1779 1774 1948 1829 verba
1985 1794 2037 1844 q.
2068 1793 2108 1829 s.
2145 1781 2314 1847 μέτρα

342 1864 481 1939 ἥβης,
524 1884 666 1935 quae
702 1884 893 1920 ansam
925 1867 1245 1935 suspicionis
1281 1866 1569 1934 dederunt,
1600 1867 1960 1921 usitatissima
1984 1874 2130 1935 sunt,
2170 1886 2312 1938 quae

343 1962 518 2028 quivis
557 1965 720 2028 poeta
752 1961 807 2013 in
847 1977 1004 2013 suum
1034 1975 1192 2012 usum
1230 1976 1427 2013 vocare
1459 1960 1716 2028 potuerit.
1789 1956 1875 2013 of.
1914 1958 2079 2013 Hom.
2118 1967 2171 2013 A
2205 1963 2308 2016 225

339 2050 505 2120 αὐτάρ
536 2052 653 2106 ἐπεί
687 2050 736 2121 ῥ’
775 2048 903 2123 ἥβης
938 2050 1193 2121 ἐρικυδέος
1228 2051 1366 2106 ἵκετο
1404 2056 1606 2121 μέτρον,
1646 2053 1676 2104 λ
1716 2055 1836 2115 317,
1887 2069 1922 2104 σ
1960 2055 2080 2116 217,
2127 2074 2159 2106 τ
2203 2057 2309 2108 532

339 2142 466 2217 ἥβης
498 2150 686 2215 μέτρον
722 2145 908 2205 ἵκοντο,
949 2144 1151 2208 ἱκάνεις,
1191 2144 1382 2211 ἱκάνεις
1441 2145 1620 2213 hymn.
1672 2146 1727 2198 in
1769 2144 1891 2200 Cer.
1940 2148 2041 2197 166
2081 2150 2136 2199 et
2173 2149 2306 2213 221;

336 2238 472 2292 Hes,
520 2256 605 2306 op.
666 2242 765 2291 132
808 2245 862 2291 et
899 2241 1022 2302 438,
1074 2237 1137 2290 fr.
1181 2241 1299 2303 100,
1352 2243 1384 2292 2
1431 2238 1660 2305 Rzach.;
1714 2237 1934 2292 Kaibel.
1987 2239 2304 2307 epigramm.

336 2349 513 2399 graec.
545 2335 662 2395 193,
707 2336 737 2383 3
776 2331 852 2394 εἰς
880 2335 1046 2398 μέτρα
1081 2326 1314 2402 θ’ἥΙῘβῙης
1346 2326 1421 2395 (ἇς
1451 2329 1785 2404 ἅνη[γ]ᾴιιην;
1827 2331 2018 2399 Eurip.
2054 2330 2167 2384 Jon
2200 2334 2309 2387 354

336 2423 415 2476 σοὶ
453 2422 596 2476 vaih*
637 2420 701 2476 ἂν
738 2419 877 2495 ἥβης,
910 2422 1064 2491 εἴπερ
1100 2415 1176 2494 ἦν,
1216 2416 1358 2489 εἶχεν
1395 2428 1560 2492 μέτρα
1578 2422 1636 2492 3).

478 2515 546 2568 In
608 2516 780 2584 elegia
833 2516 1013 2585 Cyrno
1077 2516 1261 2570 dicata
1318 2534 1363 2570 ν.
1425 2519 1562 2570 1356
1621 2517 1823 2585 legitur
1892 2515 2103 2568 πάντων
2163 2514 2303 2569 τοῦτ’

334 2604 744 2678 ἀνιηρότατον).
822 2609 982 2662 Haec
1033 2608 1199 2662 verba
1250 2608 1335 2662 vel
1389 2608 1588 2662 similia
1625 2613 1918 2662 occurrunt
1968 2626 1997 2659 v
2051 2611 2155 2660 210
2203 2611 2303 2673 (π.)

334 2720 377 2753 τ.
415 2720 482 2766 α.,
527 2703 628 2754 124
665 2707 720 2755 et
758 2706 861 2754 258
910 2722 952 2755 τ.
991 2722 1059 2769 α.,
1110 2704 1215 2754 812
1254 2700 1525 2770 (novumn)
1577 2700 1752 2770 Κύρν’,
1797 2698 2148 2771 ἀνιηρότατον,
2197 2702 2302 2753 896

481 2913 516 2967 ¹)
551 2911 671 2956 Vide
705 2911 1127 2969 Kuellenbergium
1158 2925 1203 2968 p.
1232 2913 1290 2956 52
1318 2925 1386 2967 eq.

478 2984 516 3039 ²)
549 2984 698 3027 Gouat
728 2999 773 3041 p.
803 2985 910 3028 264:
949 2984 1031 3028 ‘au
1068 2997 1168 3028 vers
1199 2983 1319 3027 1326
1359 2981 1398 3026 lc
1422 2981 1596 3039 pluo-iel
1624 2980 1862 3039 μέτρ’ἥβης
1900 2978 2076 3025 τελέσαι
2114 2982 2183 3027 eet
2211 2995 2302 3028 une

333 3053 569 3099 matwaioe
604 3054 844 3099 imitation
886 3054 949 3099 du
987 3068 1087 3099 vers
1130 3055 1244 3099 1119
1288 3053 1341 3098 de
1385 3052 1610 3111 Theognis
1650 3051 1756 3107 ἥβης
1795 3054 1967 3111 μέτρον
1997 3050 2170 3107 ἔχοιμί,
2231 3052 2302 3097 At

330 3124 523 3181 pluralis
554 3125 652 3182 ipse
684 3129 731 3169 te
761 3126 971 3180 revincit,
1003 3125 1312 3170 imitationem
1351 3138 1444 3169 non
1476 3138 1587 3169 esse.
1650 3123 1822 3169 Poetae
1852 3123 1976 3169 enim
2015 3124 2300 3181 antiquiores

330 3195 503 3240 habent
542 3198 727 3254 μέτρον,
768 3197 858 3250 hic,
898 3196 1163 3255 Euripides,
1205 3199 1370 3241 auctor
1409 3195 1758 3253 epigrammatis
1797 3210 1870 3253 ap.
1913 3194 2097 3240 Kaibel.
2138 3196 2297 3251 μέτρα.

332 3265 460 3322 Quae
491 3281 565 3311 res
596 3282 715 3323 quae
746 3271 932 3325 poetam
964 3270 1173 3312 nostrum
1204 3267 1457 3313 recentiori
1488 3267 1632 3312 aetati
1651 3266 1890 3312 vindicare
1910 3265 2110 3318 videtur,
2141 3270 2298 3311 tamen

328 3337 462 3381 nobis
492 3352 583 3382 non
615 3338 770 3383 obstat
801 3340 880 3395 qui
912 3339 1086 3384 librum
1129 3353 1187 3383 ex
1218 3337 1502 3383 carminibus
1533 3337 1825 3383 diversorum
1858 3337 2295 3396 elegiographorum

329 3410 635 3466 compositum
667 3413 896 3467 putemus.

474 3479 512 3534 ³)
543 3478 732 3525 Renner
762 3496 806 3538 p.
837 3482 910 3534 48,
944 3482 1020 3526 101
1036 3479 1079 3525 d.

471 3550 512 3605 ⁴)
544 3550 651 3595 Van
682 3550 764 3595 der
793 3550 900 3607 Moy
932 3567 975 3608 p.
1011 3553 1076 3602 19,
1109 3551 1166 3595 cs.
1198 3551 1403 3595 Corsenn
1435 3565 1480 3608 p.
1510 3553 1579 3597 21.
