2372 4108
1184 266 1535 316 -26-

456 426 511 474 et
550 426 831 489 Δειμαίνω,
865 421 940 494 μή
977 420 1129 492 τήνδε
1168 421 1336 485 πόλιν,
1378 424 1707 498 Πολυπαΐδη,
1752 424 1900 499 ὕβρις

697 509 833 586 ἥπερ
869 513 1190 583 Κενταύρους
1226 512 1566 585 ὠμοφάγους,
1586 515 1755 590 ὀλέσῃ.

376 632 441 686 In
481 632 566 686 his
604 635 807 688 morari
843 651 1040 703 operae
1078 635 1313 702 pretium
1348 653 1459 690 non
1498 644 1584 692 est
1608 644 1662 705 ¹).

518 754 594 807 Ut
619 755 728 807 iam
770 755 1077 824 exemplum
1116 755 1492 824 adhibeamus,
1533 760 1681 826 quod
1719 762 1986 819 maiorem
2014 765 2184 822 habet
2215 785 2337 838 spe·

371 851 523 916 ciem,
563 865 751 902 versus
793 851 1074 900 1267—70

543 976 677 1034 Παῖς
710 989 766 1023 τε
799 972 885 1023 καὶ
917 969 1086 1032 ἵππος
1116 967 1303 1037 ὁμοῖον
1336 971 1444 1038 ἔχει
1480 972 1598 1026 νόον
1616 971 1760 1028 ·οὕτε
1797 975 1898 1046 γάρ
1932 975 2103 1043 ἵππος
2362 907 2372 1041 ¹}

694 1057 905 1133 ἡνίοχον
940 1062 1113 1115 κλαίει
1147 1066 1379 1130 κείμενον
1414 1063 1470 1118 ἐν
1508 1068 1667 1136 κονίῃ,
2367 1046 2372 1102 ⁴}

537 1153 675 1208 α’λλᾶ
711 1153 800 1207 τὸν
831 1150 1044 1223 ὕστερον
1080 1153 1244 1223 ἄνδρα
1280 1160 1431 1226 φέρει
1466 1161 1702 1227 κριθαῖσι
1737 1163 2023 1229 κορεσθείς·

695 1243 769 1310 οἷς
805 1245 1028 1310 δἀὔτως
1062 1247 1148 1300 καὶ
1189 1246 1318 1312 παῖς
1347 1249 1438 1303 τόν
1473 1251 1737 1320 παρεόντα
1765 1253 1911 1322 φιλεῖ

366 1388 468 1423 van
525 1369 622 1422 der
659 1367 786 1437 Mey
833 1373 906 1437 (p.
945 1371 1035 1434 29)
1087 1374 1143 1422 et
1192 1368 1437 1423 Corsenn
1485 1375 1559 1440 (p.
1601 1377 1665 1426 10
1701 1389 1783 1441 sq.
1825 1378 1880 1428 et
1917 1376 2007 1441 37)
2054 1374 2372 1445 Ρατοᾶίαιιι’

366 1466 676 1531 agnoscunt
712 1479 963 1515 versuum
1006 1465 1141 1514 1157
1147 1493 1207 1501 -
1220 1465 1287 1514 60

538 1582 772 1646 Πλοῦτος
807 1585 894 1637 καὶ
928 1586 1087 1655 σοφίη
1122 1587 1338 1655 θνητοῖς
1366 1581 1714 1651 ἀμαχώτατον
1750 1585 1856 1639 αἰεί
1870 1603 1884 1618 ·

690 1674 809 1728 οὔτε
846 1674 946 1744 γάρ
986 1671 1050 1728 ἂν
1086 1677 1317 1730 πλούτου
1349 1678 1523 1745 θυμὸν
1553 1675 1953 1748 ὑπερκορέσαις·

534 1764 610 1831 οἷς
645 1766 867 1831 δἀὔτως
900 1773 1087 1840 σοφίην
1126 1765 1155 1822 o‘
1191 1769 1499 1840 σοφώτατος
1529 1767 1623 1823 οὐκ
1658 1768 1975 1841 ἀποφεύγει,

692 1858 809 1913 ἀλλ’
849 1859 1047 1929 ἔραται,
1086 1863 1257 1930 θυμὸν
1293 1860 1406 1916 δὀὔ
1444 1861 1660 1916 δύναται
1697 1863 1914 1918 τελέσαι.

365 1980 626 2036 Concedo
668 1982 978 2036 universam
1017 1982 1250 2036 formam
1298 1985 1699 2039 sententiarum
1741 1983 1974 2038 similem
2010 2001 2148 2053 esse,
2187 2002 2330 2055 quae

363 2080 547 2129 tamen
602 2079 804 2128 natura
862 2075 1260 2128 sententiarum
1313 2078 1435 2145 ipsa
1490 2077 1812 2146 explicatur.
1896 2074 2150 2147 Namque
2205 2094 2331 2132 cum

362 2167 540 2221 altera
583 2184 742 2220 versu
799 2166 975 2236 primo
1034 2170 1500 2236 comparationem
1553 2169 1758 2223 habeat
1805 2172 1992 2235 (1267)
2050 2186 2193 2238 quae
2249 2170 2331 2224 in·

363 2259 719 2328 sequentibus
776 2277 941 2329 quam
997 2278 1128 2314 vera
1190 2266 1332 2315 esset
1395 2261 1883 2316 demonstrandum
1938 2266 2089 2329 erat,
2153 2261 2332 2317 altera

363 2370 618 2420 gnomam
670 2369 809 2421 quae
857 2353 993 2406 item
1031 2352 1302 2407 illustrari
1347 2353 1601 2421 debebat,
1641 2353 1803 2407 facile
1839 2354 1958 2408 fieri
2003 2359 2222 2423 poterat
2266 2360 2332 2409 ut

362 2445 539 2500 verbis
578 2444 694 2500 οὔτε
731 2447 833 2516 γάρ
868 2446 1167 2516 explicatio
1211 2446 1453 2501 daretur.
1531 2446 1721 2515 Atque
1760 2444 1906 2515 quod
1951 2445 2024 2500 ad
2056 2445 2331 2501 vocabula

361 2539 509 2607 ipsa,
561 2538 711 2606 quod
760 2543 928 2607 poeta
978 2539 1239 2593 carminis
1277 2539 1533 2594 amatorii
1576 2538 1745 2593 verba
1783 2536 1862 2603 (ὃς
1908 2536 2130 2603 δἀὕτως
2165 2539 2327 2603 initio

362 2648 549 2684 versus
588 2632 774 2699 ponit,
827 2632 932 2686 hoc
972 2650 1079 2686 non
1115 2631 1318 2686 habere
1358 2631 1521 2686 debet
1558 2649 1626 2687 ex
1671 2649 1720 2685 v,
1772 2634 1926 2686 1159.
2001 2630 2181 2687 Immo
2218 2632 2329 2686 usi·

360 2727 534 2777 tatum
574 2723 713 2777 illud
749 2729 832 2778 est
870 2724 1016 2793 apud
1056 2730 1250 2794 poetas
1290 2726 1472 2795 epicos
1514 2742 1746 2794 quorum
1782 2723 1923 2779 locis
1976 2728 2033 2778 et
2079 2721 2329 2779 formulis

362 2817 524 2870 etiam
563 2821 758 2885 poetae
796 2816 1027 2886 elegiaci
1062 2821 1293 2871 utuntur
1312 2817 1375 2886 ²).
1452 2816 1564 2873 Sed
1610 2815 1759 2886 quod
1809 2822 1939 2871 ante
1980 2814 2149 2871 verba
2186 2834 2239 2886 q.
2282 2833 2326 2872 s.

361 2908 436 2973 ιὸς
464 2908 687 2972 δἀῧτως
734 2910 900 2964 etiam
947 2909 1125 2964 forma
1161 2908 1313 2963 verbi
1356 2914 1622 2981 κορέννυμι
1662 2915 1897 2978 utroque
1933 2908 2053 2964 loco
2107 2907 2327 2978 legitur,

361 3019 511 3055 mero
552 3004 701 3056 casui
739 3001 1092 3056 tribuendum
1139 3007 1250 3069 est,
1303 3001 1448 3056 unde
1501 3001 1640 3055 nihil
1678 3000 2132 3066 concludendum,
2170 3019 2327 3072 prae·

361 3094 549 3148 sertim
591 3112 710 3148 cum
751 3094 972 3148 verbum
1009 3100 1243 3165 utroque
1279 3094 1402 3150 loco
1440 3094 1507 3149 de
1544 3094 1706 3149 rebus
1746 3093 1975 3148 diversis
2012 3098 2326 3164 usurpetur.

360 3186 558 3255 Itaque
612 3187 915 3241 concedere
968 3204 1074 3241 non
1129 3204 1353 3256 possum
1403 3205 1625 3243 carmen
1682 3186 1751 3241 de
1807 3203 1917 3255 quo
1970 3187 2155 3256 agitur
2205 3202 2326 3242 esse

507 3357 542 3412 ¹)
575 3355 679 3402 Van
711 3357 795 3401 der
825 3356 950 3414 Meyi
980 3359 1261 3403 sententiam
1291 3358 1392 3403 iure
1422 3357 1560 3402 reicit
1590 3355 1800 3402 Corsenn
1830 3371 1876 3415 p.
1905 3357 1975 3402 89.

503 3428 541 3483 ¹)
573 3426 802 3486 Exempla
831 3429 936 3473 vide
967 3429 1091 3486 apud
1122 3428 1417 3475 Rennerum:
1468 3417 1588 3475 l'sber
1626 3427 1712 3473 aas
1741 3425 2074 3473 Formelwcoen
2112 3425 2179 3471 im
2204 3425 2324 3485 yric-

358 3498 563 3544 chischen
611 3498 738 3556 Epos
779 3499 878 3545 und
922 3499 1097 3557 epische
1143 3499 1521 3547 Reminiscenzen
1565 3499 1617 3545 in
1667 3499 1748 3544 der
1790 3497 1966 3544 &lter-en
2011 3495 2322 3556 qriockiooken

359 3571 530 3632 Eleqie,
561 3570 687 3628 Lips.
720 3572 843 3626 1872,
874 3586 918 3628 p.
949 3572 1006 3615 58
1035 3586 1078 3615 n.
1109 3572 1151 3616 9.
