2372 4108
1166 314 1524 366 ...52-

361 475 789 547 Altqriechischer
852 474 1079 528 Versbau
1132 475 1421 543 ingeniose
1483 475 1812 546 explicatam
1877 475 1947 531 de
2011 477 2333 532 hexametro

366 586 434 623 ex
497 568 711 622 duobus
796 566 1157 622 hemistichiis
1229 567 1597 636 paroemiacis
1661 569 2039 637 conglutinato
2113 573 2342 624 sentem·

363 662 514 726 tiam.
590 660 737 714 Nam
775 677 898 713 cum
933 660 991 712 in
1029 658 1379 727 corripienda
1404 659 1749 729 diphthongo
1773 661 1861 715 vel
1904 660 2093 730 vocali,
2126 664 2192 714 ut
2227 675 2333 715 nos

362 770 477 807 rem
516 751 720 805 factam
760 750 1051 818 credimuS,
1092 750 1335 819 quinque
1372 752 1541 805 moris
1578 752 1818 821 spatium
1855 756 2120 822 quattuor
2152 768 2340 807 mora»

362 862 484 898 rum
516 840 871 897 tribuendum
897 847 1062 910 esset,
1100 843 1383 897 contentio
1410 845 1560 899 vocis
1598 844 1872 914 quaedam
1897 843 2333 913 desiderabatur,

364 953 507 1005 quae
554 935 771 989 facilius
810 933 943 988 ferri
993 939 1214 1003 poterat
1251 936 1452 1004 spiritu
1509 936 1688 991 adhuc
1723 937 1962 1004 recenti,
2005 937 2122 992 scil.
2171 935 2332 992 initio

361 1028 651 1096 utriusque
686 1026 1035 1081 hemistichii.
1085 1027 1278 1096 Atque
1314 1028 1372 1080 in
1407 1028 1575 1082 tertio
1611 1028 1833 1097 quidem
1870 1028 2012 1098 pede
2046 1032 2177 1098 post
2212 1027 2333 1083 the·

363 1120 465 1173 sim
492 1125 624 1172 tunc
651 1120 870 1173 omnino
904 1137 1012 1173 non
1037 1119 1243 1173 vocalis
1269 1118 1521 1174 breviore
1558 1138 1816 1174 mensura
1846 1119 2333 1190 pronunciabatur,

364 1212 412 1266 si
430 1229 490 1265 re
503 1229 636 1266 vera
647 1210 770 1264 finis
785 1211 1044 1266 versiculi
1064 1211 1142 1265 ibi
1159 1216 1294 1266 erat.
1312 1211 1547 1267 Postero
1564 1218 1812 1282 tempore
1824 1218 2008 1268 autem
2021 1211 2334 1282 cognitione

369 1304 591 1373 pristini
617 1308 797 1358 status
828 1305 1101 1357 exstincta
1126 1303 1250 1358 fieri
1286 1308 1524 1373 poterat,
1562 1310 1624 1358 ut
1659 1305 1759 1358 illa
1795 1305 2025 1360 libertas
2058 1304 2229 1359 etiam
2261 1302 2345 1359 ad

370 1401 585 1450 ceteros
623 1397 792 1465 pedes
830 1396 1147 1451 referretur.
1225 1396 1339 1452 Sed
1386 1401 1565 1451 totam
1614 1397 1761 1452 hanc
1810 1397 2186 1468 suspicionem
2224 1413 2336 1452 non

363 1488 528 1543 nimis
564 1487 764 1542 validis
797 1493 945 1542 stare
979 1490 1215 1558 pedibus
1255 1489 1406 1544 haud
1442 1491 1692 1558 ingnor0.

509 1582 720 1639 Verum
771 1582 906 1634 satis
961 1581 1071 1634 iam
1117 1581 1293 1636 multa
1342 1581 1408 1635 de
1456 1580 1723 1636 Homero.
1800 1581 1966 1653 Quod
2013 1582 2219 1637 attinet
2260 1580 2337 1637 ad

367 1677 705 1746 posteriores
742 1678 934 1742 poetas
984 1674 1199 1742 epic08,
1252 1674 1320 1728 de
1374 1674 1612 1728 Hesiodi
1661 1693 1767 1729 usu
1817 1674 2180 1744 correptionis
2224 1673 2339 1743 egit

363 1768 555 1822 Rzach
587 1765 886 1819 hesiodische
934 1764 1387 1837 Untersuchunyen
1424 1767 1642 1838 (Proqr.
1679 1767 1766 1821 des
1800 1766 1994 1837 Gymn.
2031 1766 2126 1820 der
2150 1764 2336 1820 Klein·

363 1861 481 1912 seite
507 1876 576 1911 zu
604 1858 748 1928 Pray
784 1861 942 1927 1875)
978 1877 1028 1927 p.
1071 1860 1358 1930 11—181),
1399 1859 1467 1913 de
1506 1858 1709 1914 Nonno
1727 1859 1908 1914 Lehrs
1942 1863 2155 1929 quaest.
2194 1858 2334 1928 epic.

364 1972 421 2023 p.
461 1955 566 2005 264
621 1970 741 2021 sqq.
777 1960 831 2006 et
881 1950 1144 2005 Ludwich
1197 1952 1347 2021 apud
1394 1951 1803 2006 Rossbachium
1837 1957 1894 2006 et
1925 1950 2338 2021 Westphalium

365 2044 553 2116 qriech.
592 2044 820 2098 Metrik³
855 2044 955 2098 III
1000 2048 1031 2097 2
1085 2062 1138 2112 p.
1193 2048 1274 2098 77.
1349 2044 1461 2100 Sed
1505 2044 1603 2098 illa
1652 2045 1965 2099 accuratius
2012 2061 2338 2113 cognoscere

366 2136 506 2190 nihil
546 2138 789 2206 pertinet
826 2137 897 2191 ad
935 2156 1049 2192 rem
1087 2137 1246 2192 nobis
1284 2138 1639 2207 propositam.

512 2228 815 2283 Veniamus
853 2248 998 2284 nunc
1035 2230 1107 2283 ad
1144 2230 1442 2298 elegiarum
1473 2231 1786 2298 scriptores.
1838 2228 1926 2282 De
1963 2227 2165 2298 quibus
2201 2225 2339 2297 quid

366 2322 722 2376 statuendum
760 2323 833 2375 sit
865 2340 973 2390 quo
1011 2323 1206 2376 melius
1244 2341 1279 2376 a
1309 2322 1619 2392 legentibus
1656 2326 2034 2390 cognoscatur,
2071 2318 2336 2375 tabellam

371 2416 776 2484 correptionum
815 2414 1020 2468 addere
1059 2415 1303 2468 animum
1346 2414 1585 2483 adduxi,
1632 2416 1688 2468 in
1720 2432 1885 2484 quam
1922 2413 2108 2483 recepi
2146 2428 2337 2467 omnes

369 2507 788 2576 elegiographos
824 2506 879 2559 in
920 2505 1150 2575 Bergkii
1190 2506 1378 2561 Poetis
1415 2507 1600 2576 lyricis
1639 2508 1853 2575 graecis
1892 2506 2089 2574 editos,
2143 2503 2339 2559 addidi

366 2605 673 2670 praeterea,
712 2604 776 2653 ut
808 2600 1173 2668 posteriorum
1215 2617 1393 2654 mores
1433 2605 1842 2668 comparentur,
1880 2600 2353 2670 epigrammatum*

366 2694 662 2762 scriptores
700 2691 1118 2746 Alexandrinae
1155 2692 1358 2745 aetatis
1389 2692 1602 2761 priores
1639 2692 1938 2761 quosdam,
1990 2690 2107 2745 scil.
2150 2705 2350 2744 omnes·

367 2803 506 2854 quos
542 2785 805 2853 Hartung
843 2784 900 2837 in
933 2784 1209 2839 volumine
1245 2784 1421 2838 altero
1448 2784 1839 2853 Elegiacorum
1869 2798 2191 2852 graecorum
2222 2778 2336 2836 col·

367 2877 520 2946 legit,
558 2881 853 2945 praeterea
880 2875 1160 2931 Theocriti
1200 2877 1601 2945 epigrammata
1635 2876 1743 2942 (ed.
1770 2872 2243 2941 Fritzsche-Hill.)
2281 2877 2352 2929 et'

370 2969 699 3026 Callimachi
732 2969 839 3034 (ed.
861 2969 1130 3034 Wilam.)‚
1168 2969 1222 3022 in
1251 2986 1462 3022 summa
1499 2973 1613 3022 tres
1650 2973 1704 3021 et
1738 2968 2109 3039 quadraginta
2145 2970 2336 3036 poetas

367 3061 798 3117 Alexandrinos.
828 3061 906 3116 Ut
925 3062 1028 3115 hoc
1050 3079 1159 3115 non
1180 3066 1397 3115 taceam
1416 3060 1519 3114 hoc
1541 3061 1688 3115 loco:
1710 3060 1778 3115 de
1796 3059 2182 3114 nonnullorum
2206 3074 2336 3128 poe-

368 3162 551 3208 tarum
592 3152 964 3220 Anthologiae
997 3152 1283 3207 Palatinae
1321 3170 1423 3206 usu
1461 3153 1569 3206 iam
1620 3153 1932 3222 quaesitum
1982 3157 2084 3206 est.
2122 3148 2336 3206 Kaibel

371 3249 517 3301 enim
554 3248 589 3300 l.
629 3265 673 3301 c.
711 3244 1107 3300 Callimachum
1142 3245 1423 3312 tractavit,
1463 3244 1816 3314 Meleagrum,
1856 3243 2220 3313 Antipatrum
2250 3241 2336 3298 Si-

515 3418 550 3474 ¹)
593 3415 749 3460 Etiam
794 3414 919 3473 apud
969 3414 1230 3459 Hesiodum
1275 3414 1559 3473 diphthongi
1604 3414 1788 3471 saepius
1833 3412 2151 3471 corripiuntur
2193 3424 2335 3469 qnam

366 3488 549 3533 vocales
580 3487 766 3544 longae3
799 3500 1017 3530 numeros
1049 3485 1173 3529 enim
1194 3485 1334 3531 hosce
1354 3485 1536 3530 invenit
1566 3484 1746 3530 Rzach:
1778 3484 1956 3528 «1:132
1983 3484 2201 3541 (excepta
2220 3494 2337 3528 νοω

368 3562 443 3600 καί
471 3559 601 3603 cuius
631 3561 876 3614 correptae
906 3558 991 3602 268
1032 3556 1243 3613 exempla
1282 3558 1511 3612 exstant);
1557 3557 1751 3611 00:1003
1792 3554 1953 3610 0⁸:353
1996 3554 2173 3609 ουι74ς
2213 3552 2336 3598 ευεῖ

374 3628 1457 3683 --843;ηε34;ῃε80;ω;7;ῳ46-117.
2347 3630 2349 3634 ”
