2372 4108
890 278 1236 325 -694

92 434 149 489 id
207 436 354 504 quod
411 425 529 490 sine
586 436 750 490 dubio
805 437 1141 503 faciendum,
1199 437 1493 490 lectionem
1548 437 1695 505 apud
1740 437 2040 507 Diogenem

92 527 278 582 Laert.
313 527 409 581 ΙΙΙ
441 531 508 581 30
546 534 813 582 servatam
851 535 1234 597 praeoptamus
1272 547 1319 596 q.
1358 546 1429 581 e.:

428 648 619 702 ἐνθάδε
655 648 718 719 δή
757 658 922 702 κεῖται
959 648 1069 712 δῖος
1104 646 1459 718 Ἀριστοκλέης.

231 769 287 822 Α
326 768 661 845 >'l'heognide
721 769 928 823 alienos
985 773 1120 838 puto
1177 767 1565 836 confectosque
1617 769 1687 822 ab
1734 769 2041 822 hominibus

90 861 222 914 artis
257 860 548 930 legumque
575 862 924 914 metricarum
952 860 1218 929 imperitis
1258 878 1338 913 vv.
1367 863 1470 912 270
1498 865 1552 914 et
1590 863 1709 928 932,
1749 878 1857 928 qua
1894 878 1950 914 re
1978 877 2041 914 ex

91 950 459 1020 Theognideis
497 954 765 1007 eiciuntur
803 951 1037 1006 disticha
1075 955 1322 1005 267—70
1362 956 1416 1006 et
1452 953 1624 1022 931s2.

229 1043 600 1112 Xenophanis
677 1063 888 1099 versum
949 1045 1265 1099 coniectura
1338 1045 1519 1098 sanari
1592 1061 1752 1112 posse
1829 1045 2040 1114 opinor.

89 1134 318 1190 Conicio
355 1137 443 1188 καὶ
466 1137 596 1190 τάδε
633 1133 799 1207 φάσθ’
832 1136 966 1191 ἔπεα
1006 1138 1270 1206 scriptum
1307 1136 1475 1191 fuisse
1504 1137 1588 1191 vel
1623 1138 1787 1203 talia3
1830 1135 2041 1190 Goebel

87 1226 260 1281 voluit
291 1229 376 1281 καὶ
414 1229 530 1282 τόδε
555 1228 841 1297 εἰπέμεναι,
883 1229 1029 1298 quod
1061 1234 1244 1283 tamen
1277 1247 1310 1282 a
1334 1229 1531 1283 litteris
1562 1228 1784 1282 traditis
1822 1228 2040 1296 longius

87 1319 311 1374 recedit.
399 1319 739 1388 Theognidis·
784 1321 1017 1390 denique
1067 1341 1114 1374 v.
1171 1324 1273 1373 226
1325 1321 1414 1374 vix
1462 1321 1687 1375 dubium
1735 1321 1868 1390 quin
1931 1338 2040 1374 non

87 1416 236 1477 recte
276 1413 510 1482 scriptus
549 1414 634 1479 sit,
675 1430 797 1466 cum
835 1412 1050 1468 ἄπιστοι
1089 1431 1198 1468 non
1226 1418 1355 1482 apte
1394 1431 1517 1467 cum
1553 1413 1892 1467 ὁολοπλοκίαι
1920 1429 2041 1465 con-

85 1506 357 1573 iungatur.
435 1503 616 1560 Video
655 1505 951 1574 Bergkium
993 1506 1287 1560 coniecisse

423 1626 503 1679 σοὶ
528 1625 585 1679 δὲ
624 1626 959 1692 ὄολοπλοκίαι
993 1626 1209 1694 μᾶλλον,
1245 1625 1448 1693 ἄπιστε,
1486 1621 1626 1680 ἅδον.

88 1743 250 1813 Quod
309 1745 442 1799 mihi
494 1747 713 1800 minime
763 1747 974 1816 placet,
1030 1748 1160 1815 quia
1215 1743 1245 1799 ὁ
1304 1746 1398 1813 μὲν
1461 1751 1516 1800 et
1582 1750 1654 1815 τῷ
1711 1745 1766 1798 δὲ
1835 1747 2040 1814 optime

89 1837 192 1891 sibi
247 1838 595 1907 respondent.
671 1840 759 1893 Ac
816 1857 883 1892 ne
933 1840 991 1893 id
1041 1838 1261 1908 quidem
1310 1837 1462 1908 quod
1507 1838 1779 1893 Stobaeus
1830 1838 2046 1892 exhibet

89 1930 399 1999 comprob0‚
441 1931 647 2000 quippe
684 1931 829 2000 quod
860 1932 1022 1984 nimis
1063 1931 1432 1985 coniecturam
1472 1932 1679 2000 sapiat:

423 2057 499 2120 τῷ
536 2052 593 2105 δὲ
635 2052 974 2120 δολοπλοκίαι
1009 2053 1209 2120 μᾶλλον
1245 2050 1316 2104 ἔτ’
1360 2051 1458 2106 εἰσὶ
1495 2053 1662 2122 φίλαι.

89 2171 328 2226 Omnino
366 2172 629 2228 lectiones
670 2175 919 2229 codicum
958 2173 1440 2243 Theognideorum
1492 2174 1606 2228 fere
1644 2171 1891 2228 meliores
1928 2190 2042 2226 esse

88 2282 253 2334 quam
303 2265 604 2334 Athenaei,
675 2267 931 2335 Stobaei,
997 2271 1301 2320 ceterorum
1370 2266 1593 2320 testium
1660 2265 2041 2331 recentiorum,

88 2358 182 2426 qui
219 2375 382 2428 saepe
434 2375 531 2411 suo
582 2359 814 2412 arbitrio
876 2360 1230 2426 mutaverint,
1283 2377 1403 2412 cum
1455 2358 1640 2412 multis
1680 2358 1958 2412 consentio
1982 2358 2039 2426 1).

88 2449 232 2506 Vide
268 2467 336 2503 ne
374 2455 562 2505 nostro
600 2450 722 2505 loco
761 2455 927 2520 poeta
968 2451 1094 2505 olim
1135 2452 1435 2521 scripserit:

432 2577 506 2640 τῷ
536 2571 592 2624 δὲ
623 2571 968 2625 ὀολοπλοκίαι
1004 2572 1204 2639 μᾶλλον
1237 2570 1434 2624 ἄπιστοί
1472 2566 1676 2623 θ’ἅόον.

231 2688 560 2759 Correptum
581 2692 751 2759 igitur
783 2696 867 2746 est
894 2710 926 2745 a
958 2693 1099 2746 veris
1135 2693 1310 2760 poetis
1337 2693 1576 2759 artisque
1599 2708 1730 2744 suae
1758 2707 1866 2742 non
1892 2689 2040 2755 igna-

86 2783 162 2836 ris
211 2800 318 2836 non
357 2783 464 2836 nisi
505 2783 563 2835 in
606 2783 780 2853 primo
830 2788 886 2837 et
938 2788 1134 2853 quarto
1181 2783 1320 2853 pede
1354 2783 1698 2853 pentametri,
1731 2782 1765 2834 i.
1806 2799 1846 2835 e.
1882 2780 2038 2833 initio

87 2874 370 2942 utriusque
403 2892 592 2928 versus
622 2875 744 2930 coli.
818 2875 885 2928 In
913 2876 1017 2929 hoc
1056 2877 1101 2929 si
1142 2876 1405 2929 indicium
1433 2874 1660 2943 originis
1695 2873 2038 2941 agnoscimus

87 2967 442 3035 pentametri,
504 2968 596 3036 qui
651 2969 782 3021 item
832 2972 999 3037 atque
1045 2969 1363 3022 hexameter
1409 2984 1438 3020 e
1489 2965 1703 3020 duobus
1763 2964 2038 3018 versiculis

88 3063 376 3112 concretus
409 3059 622 3114 videtur
661 3078 796 3127 esse,
839 3060 988 3113 haud
1028 3060 1345 3114 errabimus·
1419 3057 1566 3114 Vide
1605 3074 1743 3126 quae
1783 3057 1850 3110 de
1876 3057 2036 3110 hexa-

95 3155 268 3205 metro
308 3150 468 3204 nobis
498 3152 814 3205 verisimilia
850 3170 1015 3221 supra
1049 3171 1100 3221 p.
1137 3156 1200 3205 51
1228 3170 1307 3219 sq.
1341 3150 1702 3219 exposuimus,
1886 3225 1889 3228 .

210 3242 415 3323 ‚Etiam
449 3244 504 3296 in
539 3248 880 3312 pentametro
920 3243 1247 3312 correptioni
1271 3242 1475 3297 vocalis
1512 3245 1638 3295 ante
1669 3241 1912 3295 vocalem
1947 3258 2037 3310 po-

235 3427 272 3481 1)
303 3425 370 3470 Of.
403 3426 456 3471 O.
490 3425 718 3482 Orueger:
761 3426 818 3470 de
859 3427 1067 3469 locorum
1098 3425 1501 3482 Theognideorum
1532 3425 1658 3482 apud
1686 3426 1865 3469 veteres
1895 3424 2036 3480 scrip·

86 3499 211 3540 tores
240 3497 517 3540 exstantium
547 3496 607 3540 ad
634 3499 815 3541 textum
835 3499 999 3555 poetae
1016 3495 1356 3541 emendandum
1385 3496 1538 3554 pretio
1570 3495 1696 3554 (diss.
1721 3495 1874 3551 inaug.
1897 3493 2036 3556 Rogi-

88 3568 254 3612 montii
286 3568 428 3625 1882).
