2372 4108
936 271 1281 317 ..67-

133 428 505 500 Theognidem
539 427 800 483 melodias
838 428 910 482 ad
946 431 1184 482 carmina
1219 447 1318 483 sua
1355 431 1666 484 adhibuisse
1706 433 1945 499 1icgat¹)‚
1983 433 2078 485 sed

133 521 255 575 vide
295 520 595 575 Christium
630 521 1072 592 Litteraturyesck.
1098 526 1116 555 2
1156 542 1207 590 p.
1241 526 1339 575 115
1380 529 1493 576 not.
1535 528 1580 576 3.

275 612 546 681 Quartum
583 613 777 681 pedem
826 614 1035 668 hiatum
1074 614 1411 668 trochaicum
1461 631 1568 667 non
1620 615 1907 668 admisisse
1960 617 2078 670 iure

130 703 551 772 affirmabimuS,
632 706 887 772 quoniam
937 725 1000 758 ex
1062 708 1386 761 hexametris
1440 707 1553 760 fere
1611 710 1749 760 2350
1804 726 1911 761 non
1978 709 2081 760 nisi

133 813 272 849 unus
309 796 512 851 habere
558 797 803 865 videtur,
855 798 1132 873 Leonidas
1172 800 1503 853 Tarentinus
1552 803 1671 867 63‚5
1718 800 1815 870 (A.
1864 800 1925 853 P.
1962 799 2080 855 VII

135 890 259 955 740)

387 978 415 1035 ὁ
451 985 574 1049 πρίν
612 1013 677 1019 -
715 985 766 1033 τί
799 983 966 1034 πλείω
1002 987 1297 1050 ίιιυῦεῦμιαις
1338 982 1366 1036 ὁ
1403 990 1532 1037 πᾶσι
1568 985 1842 1053 μακαρτός.

133 1114 245 1170 Sed
278 1116 438 1169 etiam
482 1117 573 1169 hic
613 1117 886 1170 evanescit
942 1117 988 1168 si
1026 1117 1320 1171 lectionem
1351 1117 1691 1171 Planudeam
1727 1119 2084 1187 praeferimus

133 1224 275 1275 quae
317 1213 399 1262 est
431 1208 692 1276 μυθεῦμ’;
734 1207 823 1260 ἐπὶ
863 1213 998 1262 πᾶσι
1015 1211 1070 1286 ἓ).

275 1298 535 1354 Omnium
573 1300 1042 1369 frequentissimas
1094 1302 1468 1369 correptiones
1522 1301 1689 1355 habet
1737 1303 1868 1355 item
1921 1308 2087 1371 atque

49 1453 55 1458 ,
134 1391 282 1459 apud
304 1390 610 1446 Homerum
643 1393 812 1446 thesis
839 1393 1015 1445 altera
1048 1393 1202 1461 pedis
1243 1394 1442 1462 quarti.
1520 1391 1663 1446 Nam
1693 1411 1815 1446 cum
1846 1396 2087 1448 omnium

133 1480 270 1551 quas
306 1485 589 1538 numeravi
642 1486 1047 1553 correptionum
1098 1503 1308 1538 summa
1347 1487 1419 1539 sit
1453 1488 1582 1548 719,
1633 1485 1825 1539 harum
1876 1491 1978 1540 250
2034 1489 2089 1540 in

133 1573 234 1627 illa
285 1574 414 1628 sede
469 1594 654 1631 versus
692 1577 907 1646 positae
947 1581 1090 1645 sunt,
1146 1579 1179 1630 i.
1221 1595 1265 1633 e.
1303 1577 1419 1632 fere
1457 1578 1626 1631 tertia
1681 1596 1824 1646 pars.
1904 1580 2085 1634 Huius

133 1667 476 1736 frequentiae
534 1686 702 1723 causa
758 1670 865 1722 fuit
921 1669 1036 1722 sine
1098 1668 1263 1723 dubio
1316 1669 1558 1724 studium
1605 1670 1911 1726 hexametri
1963 1677 2091 1741 post

133 1776 389 1814 caesuras
445 1761 779 1830 principales
825 1762 979 1815 tertii
1040 1761 1193 1830 pedis
1248 1779 1477 1816 caesura
1523 1763 1621 1816 illa
1673 1780 1814 1830 quae
1865 1768 2091 1818 vocatur

136 1851 392 1906 bucolica
440 1853 723 1907 incidendi
745 1855 806 1923 3).
900 1853 1192 1910 Vocalium
1245 1860 1428 1908 autem
1493 1855 1575 1907 vel
1624 1855 1856 1908 maxime
1903 1855 2090 1924 dilige-

131 1944 298 1998 batur
326 1946 423 1999 illo
451 1946 573 2019 loco
605 1945 977 2015 diphthongus
1002 1966 1073 2011 αι,
1108 1963 1246 2014 quae
1276 1945 1665 2000 duodecenties
1691 1946 1807 2000 illic
1843 1954 2091 2017 correpta

97 2106 101 2110 ¹
134 2042 232 2105 est,
271 2038 305 2090 i.
347 2056 391 2091 e.
432 2054 496 2091 ex
533 2038 817 2092 vocalibus
856 2039 1122 2107 correptis
1161 2039 1341 2107 quinis
1377 2038 1536 2092 binae
1579 2044 1705 2092 sunt
1737 2059 1792 2091 αι
1811 2039 1874 2109 4).

274 2127 460 2183 Etiam
497 2130 599 2183 hoc
637 2130 924 2184 observare
962 2131 1119 2196 licet,
1179 2130 1250 2183 ad
1288 2131 1495 2184 hiatum
1545 2132 1727 2199 quarti
1766 2131 1922 2199 pedis
1962 2132 2086 2185 dac-

131 2221 358 2290 tylicum
413 2223 706 2291 praecipue
755 2223 1004 2277 adhiberi
1060 2223 1255 2277 solitas
1311 2223 1599 2277 verborum
1658 2222 1860 2277 formas
1918 2224 1975 2277 in
2032 2244 2087 2277 αι

132 2318 421 2381 exeunteS,
467 2319 527 2367 ut
579 2312 947 2387 ὑποθήσομαι,
995 2315 1286 2384 ἐργάζεται,
1340 2319 1560 2383 γίνεται,
1610 2313 1878 2369 ἀναίνεται
1917 2321 2002 2369 etc
2024 2316 2084 2385 5).

133 2403 254 2458 Nec
290 2406 466 2460 minus
505 2425 666 2476 saepe
703 2408 981 2461 nominum
1019 2407 1514 2476 patronymicorum
1554 2407 1746 2461 ultima
1775 2413 1903 2461 ante
1942 2407 2085 2461 diae-

130 2498 296 2551 resim
330 2498 636 2552 bucolicam
688 2501 1007 2568 corripitur,
1060 2501 1292 2554 maxime
1339 2500 1397 2552 in
1442 2500 1704 2554 vocativo,
1780 2498 1868 2551 En
1914 2499 2084 2552 habes

133 2590 411 2659 exempla:
454 2591 760 2661 Πολυπαΐδη
786 2592 1030 2659 Theogn.
1068 2595 1153 2658 25,
1191 2595 1273 2658 57,
1318 2595 1400 2657 79,
1445 2594 1560 2658 129,
1605 2593 1721 2653 143,
1766 2587 1901 2644 1197
1936 2595 2082 2656 (con-

131 2686 216 2764 tra
252 2682 309 2734 in
343 2685 532 2752 quinto
569 2685 709 2754 pede
748 2688 831 2752 61,
874 2687 990 2751 191,
1033 2686 1186 2751 541);
1231 2684 1490 2753 Σιμωνίδη
1531 2683 1768 2751 Theogn.
1796 2685 1917 2749 469,
1961 2686 2081 2749 667,

279 2867 310 2922 ¹)
340 2866 462 2912 XIV
493 2869 578 2912 632
594 2868 645 2912 d:
693 2864 954 2924 Ξενοφάνης
994 2865 1041 2908 δὲ
1080 2870 1153 2907 καὶ
1188 2865 1344 2908 Σόλων
1385 2869 1458 2907 καὶ
1493 2866 1673 2920 Θέογνις
1713 2869 1786 2906 καὶ
1819 2863 2082 2919 Φωκυλίδης,

134 2937 197 2976 ἔτι
227 2935 274 2978 δὲ
307 2936 588 2997 Περίανδρος
628 2939 652 2980 ὃ
686 2940 941 2995 Κορίνθιος
981 2937 1276 2994 ἐλεγειοποιὸς
1317 2940 1391 2979 καὶ
1419 2939 1514 2979 τῶν
1544 2934 1716 2978 λοιπῶν
1748 2939 1789 2978 οἱ
1819 2937 1881 2992 μὴ
1915 2937 2083 2994 προσά-

130 3023 285 3062 γοντες
314 3008 426 3066 πρὸς
446 3009 504 3052 τοὶ
526 3010 754 3063 ποιήματα
783 3006 1005 3063 μελῳδίαν
1037 3009 1273 3051 ἐκπονοῦσι
1302 3008 1408 3052 τοὺς
1439 3012 1610 3059 στίχους
1638 3019 1732 3052 τοῖς
1763 3007 1980 3065 ἀριθμοῖς
2009 3012 2082 3050 καὶ

131 3079 184 3131 τῇ
213 3078 333 3127 τάξει
362 3080 455 3122 τῶν
484 3085 664 3139 μέτρων
694 3078 1023 3136 <τελείους>.·

275 3149 312 3205 ²)
343 3149 482 3194 Illum
502 3151 679 3195 hiatum
699 3151 913 3195 illicitum
935 3165 1031 3195 esse
1052 3150 1257 3194 nondum
1278 3150 1458 3194 sciebat
1478 3150 1693 3194 Meineke
1724 3150 1951 3206 (delectus
1971 3163 2080 3208 poe-

131 3221 283 3263 tarum
313 3222 499 3265 Anthol.
530 3222 734 3266 Graecae
764 3237 807 3278 p.
831 3223 913 3265 127
933 3226 1031 3277 sq.).

277 3291 316 3346 3>
348 3291 416 3336 Of.
448 3293 624 3337 Usener
655 3293 815 3338 Jahrb.
843 3293 882 3347 f.
912 3293 1034 3338 Phil.
1068 3294 1179 3335 1878
1208 3306 1251 3347 p.
1274 3293 1341 3335 68.

274 3362 309 3416 4)
341 3362 412 3408 Ne
443 3365 555 3420 quid
585 3365 894 3416 desideretur,
937 3358 1150 3407 numeros
1191 3363 1394 3406 omnium
1434 3364 1662 3408 vocalium
1704 3365 1751 3407 in
1781 3363 1901 3407 thesi
1932 3365 2078 3408 altera

131 3432 261 3489 pedis
292 3436 446 3490 quarti
483 3433 711 3478 hiantium
751 3449 983 3492 propono:
1023 3436 1080 3478 98
1111 3450 1178 3486 αι,
1218 3435 1273 3476 38
1306 3450 1369 3489 οι,
1400 3436 1455 3477 33
1487 3451 1560 3488 ov,
1591 3436 1649 3478 28
1678 3450 1727 3489 η,
1762 3435 1814 3477 15
1846 3452 1905 3488 ῳ,
1941 3436 1994 3479 10
2024 3452 2075 3486 ω,

131 3504 157 3546 6
187 3519 227 3558 ‚⁷72
258 3505 285 3547 3
317 3521 358 3558 ᾳ,
388 3506 416 3548 2
442 3507 488 3550 ἆ·

275 3574 315 3630 ¹⁵)
344 3574 453 3620 Hoc
480 3576 573 3620 iam
603 3577 720 3621 vidit
731 3577 938 3622 ..Renner
968 3571 1300 3621 Form-elwesen
1329 3579 1464 3631 p160.
1533 3590 1536 3592 ’

1769 3648 1821 3689 5*
