2372 4108
877 262 1191 311 -9-

59 426 295 480 alienum
335 424 438 477 erit
474 441 506 475 a
543 441 600 475 re
639 440 826 475 omnes
864 439 1001 489 quae
1040 421 1259 490 quidem
1291 420 1360 472 ad
1397 437 1596 472 nomen
1634 418 1802 487 Cyrni
1839 419 2006 486 perti·

60 521 240 582 neant‚
264 516 319 568 in
354 514 548 583 quibus
578 514 786 581 aliquid
826 511 1067 566 offendat
1091 512 1174 565 vel
1206 512 1272 564 de
1298 511 1492 579 quibus
1522 511 1784 564 nonnulla
1823 510 2005 578 dispu-

59 608 228 662 tanda
264 607 392 672 sint,
435 606 625 675 paucis
664 605 992 658 examinare.

199 698 533 765 Incipiamus
572 702 755 750 autem
805 714 838 748 a
876 714 957 749 w.
997 697 1244 748 237—54
1282 695 1599 763 saepissime
1649 698 1766 746 arte
1812 693 2004 746 critica

58 792 280 845 vexatis,
356 789 562 842 Textus
601 787 832 841 formam
873 788 1105 841 maxime
1145 806 1264 840 eam
1299 788 1473 855 probo
1514 803 1678 854 quam
1712 784 1894 838 Hiller
1931 785 2005 851 (in

59 882 395 949 Anthologia
441 881 613 949 lyrica
659 885 782 948 post
833 878 934 931 Th.
985 879 1279 947 Bergkium
1330 884 1582 946 quartum
1637 877 1790 930 edita
1842 878 2004 944 1890)

57 974 274 1029 reiectis
329 971 556 1040 Bergkii
621 972 946 1024 coniecturis
1003 971 1221 1023 minime
1285 970 1611 1022 necessariis
1679 968 1924 1022 restituit
1946 970 2005 1036 ¹).

59 1066 257 1120 Totam
304 1069 487 1117 autem
534 1062 758 1129 elegiam
809 1063 1050 1130 spuriam
1100 1062 1372 1114 duxerunt
1409 1061 1732 1129 Bernhardy
1780 1060 2004 1130 (Griech.

58 1155 481 1226 Literaturqesch.
522 1155 587 1207 Π
627 1159 652 1206 1
674 1155 696 1185 ⁸
731 1173 784 1222 p.
813 1157 954 1219 533),
992 1155 1145 1207 cuius
1171 1158 1491 1222 argumenta
1514 1171 1767 1221 magnam
1794 1157 2006 1221 partem

56 1265 310 1319 perversa
339 1246 525 1314 Bergk
562 1246 766 1299 refellit
802 1245 963 1310 (MuS.
1001 1244 1179 1298 Rhen.
1211 1250 1346 1298 1845
1373 1265 1425 1314 p.
1460 1248 1747 1311 421-24),
1781 1244 2007 1311 Langen

57 1342 144 1406 (de
180 1339 412 1394 disticho
438 1337 778 1392 Graecorum
819 1337 1056 1404 elegiaco
1093 1355 1145 1405 p.
1183 1339 1272 1405 32)
1291 1337 1352 1404 2),
1389 1355 1491 1389 van
1523 1337 1621 1389 der
1648 1337 1772 1404 Mey
1800 1334 2007 1403 (studia

57 1431 410 1501 Theognidea
455 1449 508 1498 p.
559 1434 666 1496 23),
717 1447 821 1482 van
874 1429 1214 1482 Herwerden
1265 1428 1779 1493 (animadversiones
1829 1427 2005 1495 philo-

56 1524 266 1591 logicae
314 1522 385 1575 ad
437 1521 811 1590 Theognidem
858 1539 911 1589 Ρ.
968 1524 1203 1586 12-14;
1255 1520 1323 1573 cf.
1371 1539 1424 1588 p.
1477 1520 1584 1587 V);
1635 1521 1764 1572 item
1817 1519 2007 1574 Sitzler

57 1620 130 1685 (p.
169 1617 263 1684 34)
304 1622 359 1670 et
393 1613 581 1667 Hiller
613 1614 687 1683 (p.
726 1617 830 1666 473
864 1618 918 1665 et
953 1615 1055 1665 471
1097 1613 1223 1666 adn.
1267 1614 1369 1678 38),
1409 1629 1640 1681 quorum
1681 1617 1907 1679 uterque
1942 1630 2004 1664 eo

58 1713 357 1761 commotus
407 1712 487 1760 est
542 1706 691 1774 quod
739 1723 977 1759 amorem
1032 1705 1299 1772 puerilem
1355 1706 1411 1756 in
1466 1703 1840 1771 Theognidem
1896 1721 2006 1756 non

58 1800 256 1852 cadere
294 1799 637 1853 existimavit.
706 1797 868 1867 Quod
915 1797 1049 1850 mihi
1083 1814 1306 1865 prorsus
1348 1796 1543 1848 falsum
1587 1796 1830 1861 videtur⁷
1882 1812 2006 1847 nam

59 1909 168 1944 non
205 1891 337 1945 licet
375 1907 473 1944 suo
501 1891 729 1943 arbitrio
770 1889 1070 1958 quamlibet
1105 1894 1301 1957 poetae
1341 1889 1633 1956 imaginem
1669 1888 1771 1940 sibi
1810 1887 2010 1956 fingere

58 1987 113 2036 et
150 1999 291 2052 quae
327 1982 704 2035 contradicere
738 1981 1028 2035 videantur
1061 1986 1123 2032 ut
1157 1980 1449 2033 subditicia
1488 1981 1695 2047 eicere,
1747 1981 1909 2032 immo
1944 1997 2010 2032 ex
2079 2009 2081 2011 ·

58 2074 386 2127 carminibus
423 2074 643 2127 traditis
683 2074 861 2141 qualis
902 2074 974 2125 sit
1009 2077 1172 2141 poeta
1210 2072 1525 2124 discendum
1565 2077 1664 2125 est.
1730 2070 1813 2127 Of.
1863 2090 2007 2140 quae

56 2167 400 2234 exposuimus
463 2183 627 2233 supra
675 2183 728 2232 p.
769 2170 816 2217 7.
901 2164 1097 2232 Neque
1154 2164 1312 2216 nimis
1367 2163 1528 2216 valde
1588 2169 1802 2231 poetam
1860 2163 2007 2216 fama

55 2275 153 2326 per
201 2263 376 2310 totum
428 2257 615 2310 orbem
666 2261 970 2324 propagata
1013 2256 1234 2323 gloriari
1286 2255 1558 2322 concedo,
1613 2257 1871 2323 quoniam
1909 2256 2008 2308 illa

200 2425 327 2485 ¹)4Et
364 2426 593 2484 scriptura
631 2425 857 2469 librorum
904 2423 1129 2479 εὐκόσμως
1167 2425 1371 2481 intelligi
1409 2427 1564 2480 potest
1603 2427 1650 2468 et
1689 2425 1814 2481 quod
1852 2425 2009 2482 Bergk

55 2486 258 2541 correxit
288 2498 337 2538 ἐν
366 2497 532 2551 κώμοις
561 2497 807 2540 molestum
838 2499 908 2540 est
938 2500 1043 2552 post
1072 2497 1234 2550 θοίνῃς
1256 2498 1303 2538 et
1333 2492 1595 2548 εἰλαπίνῃσι.
1640 2493 1818 2553 ‘Epami
1846 2495 2009 2538 melius

56 2567 115 2611 ad
143 2569 241 2608 νέοι
270 2564 426 2624 ἄνδρες
461 2567 680 2621 refertur,
712 2581 989 2622 quamquam
1010 2567 1156 2619 κῶμοι
1177 2567 1333 2621 ἐρατοῖ
1361 2579 1457 2609 non
1488 2567 1686 2610 insolens
1718 2565 1860 2608 dictio
1892 2569 2010 2609 esset

54 2637 134 2694 (cf.
155 2639 259 2694 7783
302 2638 524 2694 Bacchyl.
554 2638 608 2682 fr.
646 2640 710 2692 13,
744 2640 832 2695 12).
893 2638 1040 2682 Porro
1064 2638 1102 2681 si
1123 2637 1238 2693 quid
1259 2638 1304 2681 in
1327 2639 1556 2682 sententia
1586 2650 1704 2693 quae
1734 2637 2009 2694 exprimitur

54 2709 206 2753 verbis
247 2707 331 2760 οὐχ
371 2711 522 2751 ἵππων
562 2709 780 2751 νώτοισιν
810 2709 1029 2763 offendit,
1081 2708 1130 2751 id
1170 2708 1408 2765 scriptura
1447 2708 1640 2764 Bergkii
1679 2722 1773 2752 non
1811 2708 2006 2751 tollitur.

55 2778 270 2823 Fortasse
309 2782 436 2823 recte
477 2793 618 2836 equos
659 2781 804 2824 alatos
842 2780 1044 2837 intelligi
1085 2780 1275 2824 Crusius
1316 2779 1449 2837 (Mus.
1493 2779 1643 2823 Rhen.
1676 2780 1787 2822 1888
1828 2793 1873 2834 p.
1904 2780 2008 2834 627)

55 2849 322 2893 arbitratur.
382 2849 440 2894 V.
462 2851 544 2893 251
587 2864 691 2894 cum
731 2850 922 2908 Bergkii
959 2850 1046 2907 γάρ
1086 2850 1241 2894 locum
1281 2864 1373 2893 non
1413 2850 1603 2900 habeat,
1645 2849 1814 2892 merito
1855 2849 2009 2892 Hiller

53 2919 340 2964 Lachmanni
370 2921 682 2964 coniecturam
713 2936 756 2978 q.
789 2936 826 2965 e.
857 2925 968 2963 πᾶσι
1008 2918 1194 2963 δ’ὅσοιοι
1234 2922 1425 2978 recepit.
1478 2916 1667 2976 '‘qup’dv
1698 2914 1725 2972 ᾗ
1754 2920 1889 2976 plane
1919 2920 2008 2962 illi-

55 2991 199 3035 citum
226 2992 413 3035 videtur
442 2995 634 3048 propter
663 2991 952 3049 Theognidis
991 3006 1124 3036 usum
1162 2995 1318 3035 mutae
1349 3006 1454 3035 cum
1483 2991 1662 3047 liquida
1691 2991 1749 3034 de
1780 3005 1870 3047 quo
1902 3005 2008 3034 con-

54 3062 174 3105 feras
205 3061 479 3106 Goebelium
516 3063 574 3106 de
604 3064 896 3119 correptione
936 3063 1081 3106 attica
1109 3078 1154 3119 p.
1182 3064 1249 3107 11.
1307 3062 1409 3119 Ego
1448 3061 1819 3119 praeoptaverim
1849 3060 1948 3117 ὄφρ’
1980 3055 2011 3114 ᾖ

55 3132 222 3176 omisso
252 3129 322 3186 ἄν,
352 3136 404 3176 ut
433 3134 531 3186 984,
564 3134 688 3186 1354,
720 3132 851 3188 Tyrt.
870 3135 937 3186 10,
967 3135 1038 3188 28,
1068 3132 1228 3176 Mimn.
1251 3134 1315 3186 12,
1350 3134 1403 3176 10
1433 3135 1498 3188 (et
1526 3146 1663 3189 saepe
1692 3132 1816 3188 apud
1835 3131 2008 3175 Home-

53 3204 192 3260 rum).
252 3203 494 3260 Quomodo
525 3206 682 3246 autem
714 3207 936 3260 corrupta
964 3204 1103 3248 lectio
1135 3201 1192 3244 ἄν
1223 3207 1326 3247 orta
1357 3204 1429 3257 sit,
1468 3203 1775 3260 probabiliter
1805 3203 2009 3259 explicat

55 3273 234 3317 Usener
272 3272 435 3317 Jahrb.
472 3272 511 3327 f.
541 3273 674 3318 klass.
707 3273 828 3318 Phil.
863 3275 974 3317 1878
1014 3289 1059 3330 p.
1081 3276 1137 3317 70
1166 3274 1268 3317 adn.
1296 3276 1336 3317 2.
1408 3273 1464 3318 V.
1495 3274 1579 3317 253
1625 3274 1824 3329 denique
1865 3271 2007 3329 αὐτὰρ

54 3342 141 3399 ἐγώ
171 3340 262 3384 οὐδ’
294 3340 441 3399 ὀλίγης
472 3342 596 3400 παρὰ
629 3345 705 3386 σεῦ
735 3345 820 3386 νῦν
850 3358 955 3388 cum
986 3344 1163 3388 Cobeto
1193 3345 1322 3401 lego,
1365 3358 1470 3387 cum
1499 3341 1613 3385 ἄλλοί
1642 3359 1736 3388 non
1766 3347 1872 3400 apte
1903 3357 2008 3386 cum

57 3412 200 3470 ὀλίγης
241 3415 462 3472 coniungi
503 3429 638 3471 posse
669 3415 896 3459 videatur.
928 3441 984 3446 -——
1013 3415 1094 3459 Ad
1132 3416 1356 3471 imagines
1387 3430 1414 3458 a
1442 3419 1582 3471 poeta
1611 3418 1853 3472 usurpatas
1884 3428 2006 3457 com-

52 3498 170 3540 para
198 3484 331 3529 Pind.
362 3484 496 3528 Nem.
526 3486 566 3535 5,
598 3487 650 3540 2;
680 3485 796 3529 Isth.
833 3487 872 3539 1,
902 3486 982 3539 563
1028 3485 1243 3529 Euenum
1275 3486 1592 3530 Ascalonitam
1622 3488 1660 3526 A
1694 3485 1736 3526 Ρ
1760 3484 1834 3528 ΙΧ
1866 3486 1935 3538 62,
1965 3487 2006 3529 6.

198 3555 237 3612 ²)
269 3555 363 3599 Sed
393 3556 450 3599 cf.
483 3570 598 3611 quae
628 3557 748 3600 infra
778 3556 876 3600 dixi
904 3571 948 3613 p.
973 3558 1026 3600 18
1057 3557 1159 3600 adn.
1187 3559 1222 3601 1.
